{
  "12345": [
    {
      "tx_hash": "0x00061e78e4f694400007e65b94e140a6",
      "time": "2026-05-11T13:56:32Z",
      "side": "buy",
      "outcome": "no",
      "price": 0.5831,
      "size": 6901,
      "value_usd": 4023.97,
      "trader_address": "0xb38d9c2f1a6e4b7c8d5a2f9b3e1c6d4a8f7b2e91",
      "block_number": 52345678
    },
    {
      "tx_hash": "0x0011e469387cb6eb0012dc2a23a16e0b",
      "time": "2026-05-11T13:24:59Z",
      "side": "sell",
      "outcome": "yes",
      "price": 0.4277,
      "size": 7666,
      "value_usd": 3278.75,
      "trader_address": "0xd62a1f7c8e4b3d9a2c6f5b8e1d4a7c9b3f6e2a73",
      "block_number": 52345641
    },
    {
      "tx_hash": "0x00142a17d49cafae000c0778618f6b4c",
      "time": "2026-05-11T12:53:08Z",
      "side": "buy",
      "outcome": "yes",
      "price": 0.4231,
      "size": 4525,
      "value_usd": 1914.53,
      "trader_address": "0xd62a1f7c8e4b3d9a2c6f5b8e1d4a7c9b3f6e2a73",
      "block_number": 52345604
    },
    {
      "tx_hash": "0x001760ca2b37e116000ddf0700721e38",
      "time": "2026-05-11T13:00:28Z",
      "side": "sell",
      "outcome": "yes",
      "price": 0.4473,
      "size": 3693,
      "value_usd": 1651.88,
      "trader_address": "0xf17c4e9b2a8d5f1a6c3e7b4d9f2a8c1e5b7d3a18",
      "block_number": 52345567
    },
    {
      "tx_hash": "0x001efa64ee3b6ee700150149fe5eba73",
      "time": "2026-05-11T12:23:07Z",
      "side": "buy",
      "outcome": "yes",
      "price": 0.4125,
      "size": 5058,
      "value_usd": 2086.42,
      "trader_address": "0xa14b6c8d2f9e5a3b7c1f4d8a6e2c9b5d8f1e3a86",
      "block_number": 52345530
    },
    {
      "tx_hash": "0x00072c1f165221ad0002039c98c8b37c",
      "time": "2026-05-11T12:42:56Z",
      "side": "sell",
      "outcome": "yes",
      "price": 0.4228,
      "size": 4064,
      "value_usd": 1718.26,
      "trader_address": "0xe25a8d3c9f1b6e4a7b2c5d8f4a1e9c6b3f7d8a42",
      "block_number": 52345493
    },
    {
      "tx_hash": "0x000da0161b9bb3870009673258a89d59",
      "time": "2026-05-11T12:42:14Z",
      "side": "buy",
      "outcome": "yes",
      "price": 0.4166,
      "size": 346,
      "value_usd": 144.14,
      "trader_address": "0xf17c4e9b2a8d5f1a6c3e7b4d9f2a8c1e5b7d3a18",
      "block_number": 52345456
    },
    {
      "tx_hash": "0x000322192e1a99ba0004bd64e2ed84b8",
      "time": "2026-05-11T12:42:47Z",
      "side": "sell",
      "outcome": "yes",
      "price": 0.4449,
      "size": 6745,
      "value_usd": 3000.85,
      "trader_address": "0xc78d4f1b9e2a6c3f5b8d1a4e7c9b2f6d8a3e5b27",
      "block_number": 52345419
    },
    {
      "tx_hash": "0x001c6299894d3852000af004e853f086",
      "time": "2026-05-11T12:32:38Z",
      "side": "buy",
      "outcome": "yes",
      "price": 0.4097,
      "size": 7786,
      "value_usd": 3189.92,
      "trader_address": "0xa92e1c5f8d3b7a2c6e9f4b1d8a5c2e7b9d4a1f65",
      "block_number": 52345382
    },
    {
      "tx_hash": "0x001374c3f24f24d9000bcfd9f7b3c031",
      "time": "2026-05-11T11:44:11Z",
      "side": "buy",
      "outcome": "yes",
      "price": 0.3935,
      "size": 11791,
      "value_usd": 4639.76,
      "trader_address": "0xc78d4f1b9e2a6c3f5b8d1a4e7c9b2f6d8a3e5b27",
      "block_number": 52345345
    },
    {
      "tx_hash": "0x000423c95863868b00223bbbac5ad38a",
      "time": "2026-05-11T11:31:16Z",
      "side": "sell",
      "outcome": "no",
      "price": 0.553,
      "size": 11884,
      "value_usd": 6571.85,
      "trader_address": "0xa92e1c5f8d3b7a2c6e9f4b1d8a5c2e7b9d4a1f65",
      "block_number": 52345308
    },
    {
      "tx_hash": "0x0006fbc67520240f00006ef25331dfaa",
      "time": "2026-05-11T11:26:21Z",
      "side": "sell",
      "outcome": "no",
      "price": 0.6042,
      "size": 4769,
      "value_usd": 2881.43,
      "trader_address": "0xa14b6c8d2f9e5a3b7c1f4d8a6e2c9b5d8f1e3a86",
      "block_number": 52345271
    },
    {
      "tx_hash": "0x00125d8cac1526800015fa45c6c2164e",
      "time": "2026-05-11T11:12:14Z",
      "side": "sell",
      "outcome": "yes",
      "price": 0.3925,
      "size": 4456,
      "value_usd": 1748.98,
      "trader_address": "0xa92e1c5f8d3b7a2c6e9f4b1d8a5c2e7b9d4a1f65",
      "block_number": 52345234
    },
    {
      "tx_hash": "0x0015556461e0041300028763d9b6b029",
      "time": "2026-05-11T11:17:42Z",
      "side": "sell",
      "outcome": "yes",
      "price": 0.4038,
      "size": 6700,
      "value_usd": 2705.46,
      "trader_address": "0xa14b6c8d2f9e5a3b7c1f4d8a6e2c9b5d8f1e3a86",
      "block_number": 52345197
    },
    {
      "tx_hash": "0x00037219adeff6540013a059e350e202",
      "time": "2026-05-11T11:25:02Z",
      "side": "buy",
      "outcome": "yes",
      "price": 0.4189,
      "size": 2809,
      "value_usd": 1176.69,
      "trader_address": "0xc78d4f1b9e2a6c3f5b8d1a4e7c9b2f6d8a3e5b27",
      "block_number": 52345160
    },
    {
      "tx_hash": "0x00004f3867645ff0001bbb6f7734177b",
      "time": "2026-05-11T11:24:58Z",
      "side": "buy",
      "outcome": "yes",
      "price": 0.4059,
      "size": 11020,
      "value_usd": 4473.02,
      "trader_address": "0xf17c4e9b2a8d5f1a6c3e7b4d9f2a8c1e5b7d3a18",
      "block_number": 52345123
    },
    {
      "tx_hash": "0x00059e0b5c3245560011602ea5c18001",
      "time": "2026-05-11T11:13:16Z",
      "side": "buy",
      "outcome": "no",
      "price": 0.5716,
      "size": 9553,
      "value_usd": 5460.49,
      "trader_address": "0xb38d9c2f1a6e4b7c8d5a2f9b3e1c6d4a8f7b2e91",
      "block_number": 52345086
    },
    {
      "tx_hash": "0x000fdf2573bfa82300134ca59a11b362",
      "time": "2026-05-11T10:58:07Z",
      "side": "sell",
      "outcome": "yes",
      "price": 0.4204,
      "size": 6767,
      "value_usd": 2844.85,
      "trader_address": "0xf17c4e9b2a8d5f1a6c3e7b4d9f2a8c1e5b7d3a18",
      "block_number": 52345049
    },
    {
      "tx_hash": "0x0015dcea41f8b4d1001d69089d0c5cab",
      "time": "2026-05-11T10:16:30Z",
      "side": "sell",
      "outcome": "no",
      "price": 0.5635,
      "size": 427,
      "value_usd": 240.61,
      "trader_address": "0xc41b7e2a9d8f3b5c1e6a4f8b2d9c5e1a7f3b8d24",
      "block_number": 52345012
    },
    {
      "tx_hash": "0x001c61dfe6c29b5b001bdc1991eed0e2",
      "time": "2026-05-11T10:12:41Z",
      "side": "sell",
      "outcome": "yes",
      "price": 0.3973,
      "size": 10281,
      "value_usd": 4084.64,
      "trader_address": "0xf17c4e9b2a8d5f1a6c3e7b4d9f2a8c1e5b7d3a18",
      "block_number": 52344975
    },
    {
      "tx_hash": "0x000877d43cf315a300178ab0f818d2d8",
      "time": "2026-05-11T10:32:02Z",
      "side": "buy",
      "outcome": "yes",
      "price": 0.4073,
      "size": 3762,
      "value_usd": 1532.26,
      "trader_address": "0xb91e3a7c5f8b4d2a6e1c9f3b7d4a8c2e6b5f1a38",
      "block_number": 52344938
    },
    {
      "tx_hash": "0x0020c4ddf5ee8630000c54c512c16cb3",
      "time": "2026-05-11T10:20:37Z",
      "side": "buy",
      "outcome": "yes",
      "price": 0.4115,
      "size": 11891,
      "value_usd": 4893.15,
      "trader_address": "0xf17c4e9b2a8d5f1a6c3e7b4d9f2a8c1e5b7d3a18",
      "block_number": 52344901
    },
    {
      "tx_hash": "0x000c055c3d80c1fc001bccd8a4e26df9",
      "time": "2026-05-11T10:15:41Z",
      "side": "buy",
      "outcome": "no",
      "price": 0.5882,
      "size": 4742,
      "value_usd": 2789.24,
      "trader_address": "0xa14b6c8d2f9e5a3b7c1f4d8a6e2c9b5d8f1e3a86",
      "block_number": 52344864
    },
    {
      "tx_hash": "0x000c5bae79dd240d001726a8122c507f",
      "time": "2026-05-11T10:01:04Z",
      "side": "buy",
      "outcome": "yes",
      "price": 0.4186,
      "size": 7825,
      "value_usd": 3275.55,
      "trader_address": "0xf17c4e9b2a8d5f1a6c3e7b4d9f2a8c1e5b7d3a18",
      "block_number": 52344827
    },
    {
      "tx_hash": "0x00094fe97a8a4afb001ef163a0083605",
      "time": "2026-05-11T09:27:54Z",
      "side": "buy",
      "outcome": "yes",
      "price": 0.3969,
      "size": 2978,
      "value_usd": 1181.97,
      "trader_address": "0xa14b6c8d2f9e5a3b7c1f4d8a6e2c9b5d8f1e3a86",
      "block_number": 52344790
    },
    {
      "tx_hash": "0x00124b9dcb327c2f002355bcbdc5ca3c",
      "time": "2026-05-11T08:53:08Z",
      "side": "buy",
      "outcome": "yes",
      "price": 0.4063,
      "size": 4979,
      "value_usd": 2022.97,
      "trader_address": "0xd62a1f7c8e4b3d9a2c6f5b8e1d4a7c9b3f6e2a73",
      "block_number": 52344753
    },
    {
      "tx_hash": "0x001ed4341b4a6a2d0017e51aa992659d",
      "time": "2026-05-11T09:09:43Z",
      "side": "sell",
      "outcome": "yes",
      "price": 0.42,
      "size": 4980,
      "value_usd": 2091.6,
      "trader_address": "0xc41b7e2a9d8f3b5c1e6a4f8b2d9c5e1a7f3b8d24",
      "block_number": 52344716
    },
    {
      "tx_hash": "0x0006a6509fafc2fd001e30949bbd7a71",
      "time": "2026-05-11T08:31:07Z",
      "side": "buy",
      "outcome": "no",
      "price": 0.5956,
      "size": 11984,
      "value_usd": 7137.67,
      "trader_address": "0xc41b7e2a9d8f3b5c1e6a4f8b2d9c5e1a7f3b8d24",
      "block_number": 52344679
    },
    {
      "tx_hash": "0x001325534038e29600054b55211037a0",
      "time": "2026-05-11T09:14:39Z",
      "side": "buy",
      "outcome": "yes",
      "price": 0.4256,
      "size": 9825,
      "value_usd": 4181.52,
      "trader_address": "0xe25a8d3c9f1b6e4a7b2c5d8f4a1e9c6b3f7d8a42",
      "block_number": 52344642
    },
    {
      "tx_hash": "0x00230f712a86197a0000eb5db849a559",
      "time": "2026-05-11T09:02:30Z",
      "side": "sell",
      "outcome": "yes",
      "price": 0.4045,
      "size": 135,
      "value_usd": 54.61,
      "trader_address": "0x7a3f5d2c1b8e9a4f6b2d8c3e1f5a9b4c7d2e8b21",
      "block_number": 52344605
    },
    {
      "tx_hash": "0x0018b35f623a9020001325015131e761",
      "time": "2026-05-11T08:07:03Z",
      "side": "buy",
      "outcome": "no",
      "price": 0.5923,
      "size": 9471,
      "value_usd": 5609.67,
      "trader_address": "0xd62a1f7c8e4b3d9a2c6f5b8e1d4a7c9b3f6e2a73",
      "block_number": 52344568
    },
    {
      "tx_hash": "0x001b9a19b23d11c40018887187cd12db",
      "time": "2026-05-11T08:17:25Z",
      "side": "sell",
      "outcome": "no",
      "price": 0.5609,
      "size": 10340,
      "value_usd": 5799.71,
      "trader_address": "0xd62a1f7c8e4b3d9a2c6f5b8e1d4a7c9b3f6e2a73",
      "block_number": 52344531
    },
    {
      "tx_hash": "0x00136ea02ff32ccb00126eeb4db383d0",
      "time": "2026-05-11T08:20:01Z",
      "side": "buy",
      "outcome": "no",
      "price": 0.6078,
      "size": 7179,
      "value_usd": 4363.4,
      "trader_address": "0xc78d4f1b9e2a6c3f5b8d1a4e7c9b2f6d8a3e5b27",
      "block_number": 52344494
    },
    {
      "tx_hash": "0x001425a5da81b8e800121800002850c4",
      "time": "2026-05-11T07:44:22Z",
      "side": "sell",
      "outcome": "yes",
      "price": 0.4181,
      "size": 4566,
      "value_usd": 1909.04,
      "trader_address": "0xe25a8d3c9f1b6e4a7b2c5d8f4a1e9c6b3f7d8a42",
      "block_number": 52344457
    },
    {
      "tx_hash": "0x000a84a74c36fcaa000191b6a2d3cde9",
      "time": "2026-05-11T07:20:39Z",
      "side": "buy",
      "outcome": "yes",
      "price": 0.397,
      "size": 11587,
      "value_usd": 4600.04,
      "trader_address": "0xf17c4e9b2a8d5f1a6c3e7b4d9f2a8c1e5b7d3a18",
      "block_number": 52344420
    },
    {
      "tx_hash": "0x0009916c1a05aa7e000ad1ef271859d4",
      "time": "2026-05-11T07:13:23Z",
      "side": "sell",
      "outcome": "yes",
      "price": 0.4038,
      "size": 7248,
      "value_usd": 2926.74,
      "trader_address": "0xd62a1f7c8e4b3d9a2c6f5b8e1d4a7c9b3f6e2a73",
      "block_number": 52344383
    },
    {
      "tx_hash": "0x001243d4a47dbfe4000f4177165e705d",
      "time": "2026-05-11T07:11:05Z",
      "side": "sell",
      "outcome": "yes",
      "price": 0.4253,
      "size": 5832,
      "value_usd": 2480.35,
      "trader_address": "0xc78d4f1b9e2a6c3f5b8d1a4e7c9b2f6d8a3e5b27",
      "block_number": 52344346
    },
    {
      "tx_hash": "0x0010e2039f0cf5950010e2a8a0d0f6a0",
      "time": "2026-05-11T07:25:00Z",
      "side": "buy",
      "outcome": "yes",
      "price": 0.4257,
      "size": 5715,
      "value_usd": 2432.88,
      "trader_address": "0x7a3f5d2c1b8e9a4f6b2d8c3e1f5a9b4c7d2e8b21",
      "block_number": 52344309
    },
    {
      "tx_hash": "0x0006888dcbdc656300098fa5bc5f46f4",
      "time": "2026-05-11T06:41:59Z",
      "side": "sell",
      "outcome": "yes",
      "price": 0.4333,
      "size": 740,
      "value_usd": 320.64,
      "trader_address": "0xa92e1c5f8d3b7a2c6e9f4b1d8a5c2e7b9d4a1f65",
      "block_number": 52344272
    },
    {
      "tx_hash": "0x00163912a3724d9100017430c735fc72",
      "time": "2026-05-11T07:10:31Z",
      "side": "sell",
      "outcome": "no",
      "price": 0.6071,
      "size": 235,
      "value_usd": 142.67,
      "trader_address": "0xb38d9c2f1a6e4b7c8d5a2f9b3e1c6d4a8f7b2e91",
      "block_number": 52344235
    }
  ],
  "12346": [
    {
      "tx_hash": "0x000f1a498fb4067b000aadf7ffff3e42",
      "time": "2026-05-11T13:53:21Z",
      "side": "buy",
      "outcome": "yes",
      "price": 0.3315,
      "size": 10617,
      "value_usd": 3519.54,
      "trader_address": "0x7a3f5d2c1b8e9a4f6b2d8c3e1f5a9b4c7d2e8b21",
      "block_number": 52345677
    },
    {
      "tx_hash": "0x0022ac544de0381e0015424d3d36c535",
      "time": "2026-05-11T12:58:49Z",
      "side": "sell",
      "outcome": "no",
      "price": 0.6567,
      "size": 4045,
      "value_usd": 2656.35,
      "trader_address": "0xd62a1f7c8e4b3d9a2c6f5b8e1d4a7c9b3f6e2a73",
      "block_number": 52345640
    },
    {
      "tx_hash": "0x0015820d7275870b000c49c5deea80a0",
      "time": "2026-05-11T13:28:46Z",
      "side": "sell",
      "outcome": "yes",
      "price": 0.315,
      "size": 4787,
      "value_usd": 1507.9,
      "trader_address": "0xe25a8d3c9f1b6e4a7b2c5d8f4a1e9c6b3f7d8a42",
      "block_number": 52345603
    },
    {
      "tx_hash": "0x001ec6f765c116cb000f188bd31e9992",
      "time": "2026-05-11T12:30:48Z",
      "side": "sell",
      "outcome": "no",
      "price": 0.7051,
      "size": 11374,
      "value_usd": 8019.81,
      "trader_address": "0xf17c4e9b2a8d5f1a6c3e7b4d9f2a8c1e5b7d3a18",
      "block_number": 52345566
    },
    {
      "tx_hash": "0x000072d6fc8b4ae90013ce8497916f81",
      "time": "2026-05-11T12:41:47Z",
      "side": "sell",
      "outcome": "no",
      "price": 0.678,
      "size": 7681,
      "value_usd": 5207.72,
      "trader_address": "0xf17c4e9b2a8d5f1a6c3e7b4d9f2a8c1e5b7d3a18",
      "block_number": 52345529
    },
    {
      "tx_hash": "0x000bc9e34f62821f0008d596c5e7e6f3",
      "time": "2026-05-11T13:02:55Z",
      "side": "sell",
      "outcome": "yes",
      "price": 0.3228,
      "size": 6853,
      "value_usd": 2212.15,
      "trader_address": "0xd62a1f7c8e4b3d9a2c6f5b8e1d4a7c9b3f6e2a73",
      "block_number": 52345492
    },
    {
      "tx_hash": "0x00224b123e86bafa0006f2384f761758",
      "time": "2026-05-11T12:36:19Z",
      "side": "sell",
      "outcome": "no",
      "price": 0.706,
      "size": 11643,
      "value_usd": 8219.96,
      "trader_address": "0xc78d4f1b9e2a6c3f5b8d1a4e7c9b2f6d8a3e5b27",
      "block_number": 52345455
    },
    {
      "tx_hash": "0x0001a38129d2c9010000f1097fa210b3",
      "time": "2026-05-11T12:14:55Z",
      "side": "buy",
      "outcome": "no",
      "price": 0.656,
      "size": 5167,
      "value_usd": 3389.55,
      "trader_address": "0xa92e1c5f8d3b7a2c6e9f4b1d8a5c2e7b9d4a1f65",
      "block_number": 52345418
    },
    {
      "tx_hash": "0x00151f3f007290a5000540fac7b71e97",
      "time": "2026-05-11T12:17:12Z",
      "side": "buy",
      "outcome": "yes",
      "price": 0.32,
      "size": 10286,
      "value_usd": 3291.52,
      "trader_address": "0xe25a8d3c9f1b6e4a7b2c5d8f4a1e9c6b3f7d8a42",
      "block_number": 52345381
    },
    {
      "tx_hash": "0x000a9a186178f5ec0016353faa244d9d",
      "time": "2026-05-11T12:08:08Z",
      "side": "buy",
      "outcome": "yes",
      "price": 0.3148,
      "size": 5154,
      "value_usd": 1622.48,
      "trader_address": "0xa14b6c8d2f9e5a3b7c1f4d8a6e2c9b5d8f1e3a86",
      "block_number": 52345344
    },
    {
      "tx_hash": "0x000b803c96041450000278691285cd58",
      "time": "2026-05-11T11:23:34Z",
      "side": "sell",
      "outcome": "yes",
      "price": 0.3433,
      "size": 4213,
      "value_usd": 1446.32,
      "trader_address": "0xc41b7e2a9d8f3b5c1e6a4f8b2d9c5e1a7f3b8d24",
      "block_number": 52345307
    },
    {
      "tx_hash": "0x000f1140a81d664e0008a9b719ff57cd",
      "time": "2026-05-11T12:09:11Z",
      "side": "buy",
      "outcome": "yes",
      "price": 0.3445,
      "size": 9774,
      "value_usd": 3367.14,
      "trader_address": "0xc41b7e2a9d8f3b5c1e6a4f8b2d9c5e1a7f3b8d24",
      "block_number": 52345270
    },
    {
      "tx_hash": "0x000d22b580d7176c000a44d0148ae8a9",
      "time": "2026-05-11T11:51:10Z",
      "side": "sell",
      "outcome": "yes",
      "price": 0.319,
      "size": 8084,
      "value_usd": 2578.8,
      "trader_address": "0xc78d4f1b9e2a6c3f5b8d1a4e7c9b2f6d8a3e5b27",
      "block_number": 52345233
    },
    {
      "tx_hash": "0x0020012ec500faa4000e5df0a0e5d849",
      "time": "2026-05-11T11:15:08Z",
      "side": "sell",
      "outcome": "no",
      "price": 0.6916,
      "size": 9110,
      "value_usd": 6300.48,
      "trader_address": "0xa92e1c5f8d3b7a2c6e9f4b1d8a5c2e7b9d4a1f65",
      "block_number": 52345196
    },
    {
      "tx_hash": "0x0021c799bbea864e000c991d52f329f3",
      "time": "2026-05-11T11:07:07Z",
      "side": "sell",
      "outcome": "yes",
      "price": 0.3425,
      "size": 11182,
      "value_usd": 3829.84,
      "trader_address": "0xd62a1f7c8e4b3d9a2c6f5b8e1d4a7c9b3f6e2a73",
      "block_number": 52345159
    },
    {
      "tx_hash": "0x00189b079d324860000bd506a28ca9c7",
      "time": "2026-05-11T11:14:21Z",
      "side": "sell",
      "outcome": "yes",
      "price": 0.3132,
      "size": 9551,
      "value_usd": 2991.37,
      "trader_address": "0xc41b7e2a9d8f3b5c1e6a4f8b2d9c5e1a7f3b8d24",
      "block_number": 52345122
    },
    {
      "tx_hash": "0x002347c136fa6c660018a8f4670961a3",
      "time": "2026-05-11T10:24:03Z",
      "side": "buy",
      "outcome": "yes",
      "price": 0.3065,
      "size": 3206,
      "value_usd": 982.64,
      "trader_address": "0xc41b7e2a9d8f3b5c1e6a4f8b2d9c5e1a7f3b8d24",
      "block_number": 52345085
    },
    {
      "tx_hash": "0x00228b57653dee9a000f6f3553635ac4",
      "time": "2026-05-11T10:15:29Z",
      "side": "sell",
      "outcome": "no",
      "price": 0.6527,
      "size": 11081,
      "value_usd": 7232.57,
      "trader_address": "0xe25a8d3c9f1b6e4a7b2c5d8f4a1e9c6b3f7d8a42",
      "block_number": 52345048
    },
    {
      "tx_hash": "0x0012105aa773e91a0010028df0cfb400",
      "time": "2026-05-11T10:25:41Z",
      "side": "buy",
      "outcome": "yes",
      "price": 0.3126,
      "size": 7158,
      "value_usd": 2237.59,
      "trader_address": "0xc78d4f1b9e2a6c3f5b8d1a4e7c9b2f6d8a3e5b27",
      "block_number": 52345011
    },
    {
      "tx_hash": "0x001ee9cb02aa24040006b4f47184a2b0",
      "time": "2026-05-11T10:13:50Z",
      "side": "sell",
      "outcome": "yes",
      "price": 0.3353,
      "size": 3597,
      "value_usd": 1206.07,
      "trader_address": "0xa92e1c5f8d3b7a2c6e9f4b1d8a5c2e7b9d4a1f65",
      "block_number": 52344974
    },
    {
      "tx_hash": "0x001baacf34e7fd1e00028514d7b63355",
      "time": "2026-05-11T09:47:27Z",
      "side": "sell",
      "outcome": "yes",
      "price": 0.3237,
      "size": 637,
      "value_usd": 206.2,
      "trader_address": "0xa92e1c5f8d3b7a2c6e9f4b1d8a5c2e7b9d4a1f65",
      "block_number": 52344937
    },
    {
      "tx_hash": "0x0017cf430f0ee5340018d49aa3fbe80c",
      "time": "2026-05-11T10:00:25Z",
      "side": "buy",
      "outcome": "yes",
      "price": 0.3052,
      "size": 10107,
      "value_usd": 3084.66,
      "trader_address": "0xc78d4f1b9e2a6c3f5b8d1a4e7c9b2f6d8a3e5b27",
      "block_number": 52344900
    },
    {
      "tx_hash": "0x00161cdfa7af8b320017c96dd2f3be91",
      "time": "2026-05-11T09:34:14Z",
      "side": "buy",
      "outcome": "no",
      "price": 0.6897,
      "size": 11030,
      "value_usd": 7607.39,
      "trader_address": "0xa14b6c8d2f9e5a3b7c1f4d8a6e2c9b5d8f1e3a86",
      "block_number": 52344863
    },
    {
      "tx_hash": "0x001ca52a037098a100062056e09c3591",
      "time": "2026-05-11T09:41:43Z",
      "side": "buy",
      "outcome": "yes",
      "price": 0.305,
      "size": 5430,
      "value_usd": 1656.15,
      "trader_address": "0xd62a1f7c8e4b3d9a2c6f5b8e1d4a7c9b3f6e2a73",
      "block_number": 52344826
    },
    {
      "tx_hash": "0x0008f0b04db80a22000d99a17796ec6f",
      "time": "2026-05-11T09:13:28Z",
      "side": "sell",
      "outcome": "no",
      "price": 0.6998,
      "size": 4646,
      "value_usd": 3251.27,
      "trader_address": "0xa14b6c8d2f9e5a3b7c1f4d8a6e2c9b5d8f1e3a86",
      "block_number": 52344789
    },
    {
      "tx_hash": "0x000acdfb4a6a0434001203964554ebac",
      "time": "2026-05-11T09:41:22Z",
      "side": "buy",
      "outcome": "yes",
      "price": 0.3127,
      "size": 7770,
      "value_usd": 2429.68,
      "trader_address": "0x7a3f5d2c1b8e9a4f6b2d8c3e1f5a9b4c7d2e8b21",
      "block_number": 52344752
    },
    {
      "tx_hash": "0x00041d521444d30a00057a5ebac12159",
      "time": "2026-05-11T09:35:44Z",
      "side": "sell",
      "outcome": "yes",
      "price": 0.3297,
      "size": 8696,
      "value_usd": 2867.07,
      "trader_address": "0x7a3f5d2c1b8e9a4f6b2d8c3e1f5a9b4c7d2e8b21",
      "block_number": 52344715
    },
    {
      "tx_hash": "0x0020eb8a2c1b25a000179f817dd85e7e",
      "time": "2026-05-11T09:19:56Z",
      "side": "sell",
      "outcome": "yes",
      "price": 0.2959,
      "size": 10542,
      "value_usd": 3119.38,
      "trader_address": "0xa14b6c8d2f9e5a3b7c1f4d8a6e2c9b5d8f1e3a86",
      "block_number": 52344678
    },
    {
      "tx_hash": "0x0017449d628574cf001fd5d1d720b063",
      "time": "2026-05-11T09:13:03Z",
      "side": "sell",
      "outcome": "no",
      "price": 0.706,
      "size": 5176,
      "value_usd": 3654.26,
      "trader_address": "0xc41b7e2a9d8f3b5c1e6a4f8b2d9c5e1a7f3b8d24",
      "block_number": 52344641
    },
    {
      "tx_hash": "0x001ebc370952eae8001edb5f2a9ed486",
      "time": "2026-05-11T08:37:11Z",
      "side": "sell",
      "outcome": "no",
      "price": 0.6999,
      "size": 7016,
      "value_usd": 4910.5,
      "trader_address": "0xb91e3a7c5f8b4d2a6e1c9f3b7d4a8c2e6b5f1a38",
      "block_number": 52344604
    },
    {
      "tx_hash": "0x001cf9bce2e224bb0006a584f5649437",
      "time": "2026-05-11T08:43:45Z",
      "side": "buy",
      "outcome": "no",
      "price": 0.7083,
      "size": 1604,
      "value_usd": 1136.11,
      "trader_address": "0xb91e3a7c5f8b4d2a6e1c9f3b7d4a8c2e6b5f1a38",
      "block_number": 52344567
    },
    {
      "tx_hash": "0x00123273c123ea250021c89fd65386a4",
      "time": "2026-05-11T08:11:20Z",
      "side": "buy",
      "outcome": "yes",
      "price": 0.3223,
      "size": 11035,
      "value_usd": 3556.58,
      "trader_address": "0xa92e1c5f8d3b7a2c6e9f4b1d8a5c2e7b9d4a1f65",
      "block_number": 52344530
    },
    {
      "tx_hash": "0x0003b70c59fb4e3600014ae15f862b11",
      "time": "2026-05-11T07:50:05Z",
      "side": "buy",
      "outcome": "yes",
      "price": 0.3067,
      "size": 9566,
      "value_usd": 2933.89,
      "trader_address": "0xe25a8d3c9f1b6e4a7b2c5d8f4a1e9c6b3f7d8a42",
      "block_number": 52344493
    },
    {
      "tx_hash": "0x001d0683f3665a1d0008136cf8047ea8",
      "time": "2026-05-11T07:52:45Z",
      "side": "buy",
      "outcome": "yes",
      "price": 0.3454,
      "size": 3319,
      "value_usd": 1146.38,
      "trader_address": "0xa92e1c5f8d3b7a2c6e9f4b1d8a5c2e7b9d4a1f65",
      "block_number": 52344456
    },
    {
      "tx_hash": "0x0012ca8fd1989d730008e0a888874c48",
      "time": "2026-05-11T07:40:13Z",
      "side": "buy",
      "outcome": "yes",
      "price": 0.3374,
      "size": 12040,
      "value_usd": 4062.3,
      "trader_address": "0xd62a1f7c8e4b3d9a2c6f5b8e1d4a7c9b3f6e2a73",
      "block_number": 52344419
    },
    {
      "tx_hash": "0x001a07b522bfdc5e000b465c354a5c94",
      "time": "2026-05-11T07:54:10Z",
      "side": "buy",
      "outcome": "yes",
      "price": 0.3094,
      "size": 1799,
      "value_usd": 556.61,
      "trader_address": "0xf17c4e9b2a8d5f1a6c3e7b4d9f2a8c1e5b7d3a18",
      "block_number": 52344382
    },
    {
      "tx_hash": "0x00234e17e645263e0001bbb0321d5137",
      "time": "2026-05-11T07:32:21Z",
      "side": "buy",
      "outcome": "yes",
      "price": 0.3223,
      "size": 9208,
      "value_usd": 2967.74,
      "trader_address": "0xf17c4e9b2a8d5f1a6c3e7b4d9f2a8c1e5b7d3a18",
      "block_number": 52344345
    },
    {
      "tx_hash": "0x00052bcb154a46d3000fa5682eb1e61c",
      "time": "2026-05-11T06:56:10Z",
      "side": "buy",
      "outcome": "no",
      "price": 0.6736,
      "size": 10750,
      "value_usd": 7241.2,
      "trader_address": "0xb38d9c2f1a6e4b7c8d5a2f9b3e1c6d4a8f7b2e91",
      "block_number": 52344308
    },
    {
      "tx_hash": "0x000ad94cb5958ee200024a327f50020e",
      "time": "2026-05-11T07:02:29Z",
      "side": "sell",
      "outcome": "yes",
      "price": 0.35,
      "size": 11838,
      "value_usd": 4143.3,
      "trader_address": "0xc41b7e2a9d8f3b5c1e6a4f8b2d9c5e1a7f3b8d24",
      "block_number": 52344271
    },
    {
      "tx_hash": "0x00074ea3ed6aefc1001688c960544541",
      "time": "2026-05-11T06:59:44Z",
      "side": "buy",
      "outcome": "yes",
      "price": 0.3334,
      "size": 8389,
      "value_usd": 2796.89,
      "trader_address": "0xb91e3a7c5f8b4d2a6e1c9f3b7d4a8c2e6b5f1a38",
      "block_number": 52344234
    }
  ],
  "12347": [
    {
      "tx_hash": "0x001f8132e6e7a8820011b83e6eaeeb50",
      "time": "2026-05-11T13:12:59Z",
      "side": "buy",
      "outcome": "yes",
      "price": 0.694,
      "size": 435,
      "value_usd": 301.89,
      "trader_address": "0xe25a8d3c9f1b6e4a7b2c5d8f4a1e9c6b3f7d8a42",
      "block_number": 52345676
    },
    {
      "tx_hash": "0x002299220836f0b2000e914dddb6750b",
      "time": "2026-05-11T13:16:09Z",
      "side": "sell",
      "outcome": "yes",
      "price": 0.6965,
      "size": 12046,
      "value_usd": 8390.04,
      "trader_address": "0xa14b6c8d2f9e5a3b7c1f4d8a6e2c9b5d8f1e3a86",
      "block_number": 52345639
    },
    {
      "tx_hash": "0x0016eb034bd6c4ca0021e28edfb57f24",
      "time": "2026-05-11T13:10:08Z",
      "side": "sell",
      "outcome": "yes",
      "price": 0.6921,
      "size": 8375,
      "value_usd": 5796.34,
      "trader_address": "0xa14b6c8d2f9e5a3b7c1f4d8a6e2c9b5d8f1e3a86",
      "block_number": 52345602
    },
    {
      "tx_hash": "0x000c78dd6448c2d00004daadb6cabffc",
      "time": "2026-05-11T13:10:15Z",
      "side": "buy",
      "outcome": "no",
      "price": 0.2988,
      "size": 374,
      "value_usd": 111.75,
      "trader_address": "0xa92e1c5f8d3b7a2c6e9f4b1d8a5c2e7b9d4a1f65",
      "block_number": 52345565
    },
    {
      "tx_hash": "0x00089a501a06080c00155734b5b51203",
      "time": "2026-05-11T12:46:18Z",
      "side": "sell",
      "outcome": "no",
      "price": 0.3256,
      "size": 3499,
      "value_usd": 1139.27,
      "trader_address": "0xc41b7e2a9d8f3b5c1e6a4f8b2d9c5e1a7f3b8d24",
      "block_number": 52345528
    },
    {
      "tx_hash": "0x0021f31cf31e60a20006e3afa47563f9",
      "time": "2026-05-11T12:28:21Z",
      "side": "sell",
      "outcome": "no",
      "price": 0.3353,
      "size": 4859,
      "value_usd": 1629.22,
      "trader_address": "0xc78d4f1b9e2a6c3f5b8d1a4e7c9b2f6d8a3e5b27",
      "block_number": 52345491
    },
    {
      "tx_hash": "0x0009371cae0032180015ece02b8a8203",
      "time": "2026-05-11T12:39:00Z",
      "side": "sell",
      "outcome": "yes",
      "price": 0.6657,
      "size": 479,
      "value_usd": 318.87,
      "trader_address": "0xd62a1f7c8e4b3d9a2c6f5b8e1d4a7c9b3f6e2a73",
      "block_number": 52345454
    },
    {
      "tx_hash": "0x001a7ca0dcc157e80005cda51303cf18",
      "time": "2026-05-11T11:59:48Z",
      "side": "sell",
      "outcome": "yes",
      "price": 0.6549,
      "size": 9215,
      "value_usd": 6034.9,
      "trader_address": "0xa92e1c5f8d3b7a2c6e9f4b1d8a5c2e7b9d4a1f65",
      "block_number": 52345417
    },
    {
      "tx_hash": "0x000b35e1d9a606f50015046af02fd819",
      "time": "2026-05-11T11:51:48Z",
      "side": "buy",
      "outcome": "no",
      "price": 0.3306,
      "size": 11775,
      "value_usd": 3892.82,
      "trader_address": "0xc41b7e2a9d8f3b5c1e6a4f8b2d9c5e1a7f3b8d24",
      "block_number": 52345380
    },
    {
      "tx_hash": "0x00002488ebc68de70003d037ee4e78ba",
      "time": "2026-05-11T11:41:16Z",
      "side": "sell",
      "outcome": "no",
      "price": 0.3107,
      "size": 3887,
      "value_usd": 1207.69,
      "trader_address": "0xc78d4f1b9e2a6c3f5b8d1a4e7c9b2f6d8a3e5b27",
      "block_number": 52345343
    },
    {
      "tx_hash": "0x000628929bf6af4f0011f1f907d6f270",
      "time": "2026-05-11T11:40:32Z",
      "side": "buy",
      "outcome": "yes",
      "price": 0.6704,
      "size": 12013,
      "value_usd": 8053.52,
      "trader_address": "0xb38d9c2f1a6e4b7c8d5a2f9b3e1c6d4a8f7b2e91",
      "block_number": 52345306
    },
    {
      "tx_hash": "0x00193a82930fbed000187ad313162fc3",
      "time": "2026-05-11T11:39:01Z",
      "side": "buy",
      "outcome": "yes",
      "price": 0.6639,
      "size": 7396,
      "value_usd": 4910.2,
      "trader_address": "0xc78d4f1b9e2a6c3f5b8d1a4e7c9b2f6d8a3e5b27",
      "block_number": 52345269
    },
    {
      "tx_hash": "0x001fab347431bfb200039e7e69fc768e",
      "time": "2026-05-11T11:48:13Z",
      "side": "sell",
      "outcome": "yes",
      "price": 0.6599,
      "size": 6690,
      "value_usd": 4414.73,
      "trader_address": "0xb38d9c2f1a6e4b7c8d5a2f9b3e1c6d4a8f7b2e91",
      "block_number": 52345232
    },
    {
      "tx_hash": "0x0009c129e151087f000ab30f25c76814",
      "time": "2026-05-11T11:18:01Z",
      "side": "buy",
      "outcome": "yes",
      "price": 0.6738,
      "size": 1039,
      "value_usd": 700.08,
      "trader_address": "0xe25a8d3c9f1b6e4a7b2c5d8f4a1e9c6b3f7d8a42",
      "block_number": 52345195
    },
    {
      "tx_hash": "0x000089e79f3bb721001af777663a0564",
      "time": "2026-05-11T10:50:38Z",
      "side": "sell",
      "outcome": "yes",
      "price": 0.6845,
      "size": 2867,
      "value_usd": 1962.46,
      "trader_address": "0x7a3f5d2c1b8e9a4f6b2d8c3e1f5a9b4c7d2e8b21",
      "block_number": 52345158
    },
    {
      "tx_hash": "0x00059a46cdf787370004841934244243",
      "time": "2026-05-11T11:14:12Z",
      "side": "sell",
      "outcome": "yes",
      "price": 0.6565,
      "size": 2705,
      "value_usd": 1775.83,
      "trader_address": "0xd62a1f7c8e4b3d9a2c6f5b8e1d4a7c9b3f6e2a73",
      "block_number": 52345121
    },
    {
      "tx_hash": "0x0011a355e293b9bb001ec3ecb245732d",
      "time": "2026-05-11T11:15:33Z",
      "side": "sell",
      "outcome": "no",
      "price": 0.3042,
      "size": 2286,
      "value_usd": 695.4,
      "trader_address": "0x7a3f5d2c1b8e9a4f6b2d8c3e1f5a9b4c7d2e8b21",
      "block_number": 52345084
    },
    {
      "tx_hash": "0x001428cfa16e7a5000137c91fb6761c4",
      "time": "2026-05-11T10:31:44Z",
      "side": "buy",
      "outcome": "yes",
      "price": 0.6963,
      "size": 5354,
      "value_usd": 3727.99,
      "trader_address": "0xd62a1f7c8e4b3d9a2c6f5b8e1d4a7c9b3f6e2a73",
      "block_number": 52345047
    },
    {
      "tx_hash": "0x000186db6e1dd1b500077bfc2330f6e5",
      "time": "2026-05-11T10:37:55Z",
      "side": "sell",
      "outcome": "yes",
      "price": 0.6654,
      "size": 6456,
      "value_usd": 4295.82,
      "trader_address": "0x7a3f5d2c1b8e9a4f6b2d8c3e1f5a9b4c7d2e8b21",
      "block_number": 52345010
    },
    {
      "tx_hash": "0x0013f03689c4b0530023477bb26174be",
      "time": "2026-05-11T10:49:43Z",
      "side": "buy",
      "outcome": "no",
      "price": 0.3155,
      "size": 10533,
      "value_usd": 3323.16,
      "trader_address": "0xa92e1c5f8d3b7a2c6e9f4b1d8a5c2e7b9d4a1f65",
      "block_number": 52344973
    },
    {
      "tx_hash": "0x00146458df19380b0009144a7b4cf896",
      "time": "2026-05-11T09:52:10Z",
      "side": "buy",
      "outcome": "yes",
      "price": 0.6543,
      "size": 2381,
      "value_usd": 1557.89,
      "trader_address": "0xb38d9c2f1a6e4b7c8d5a2f9b3e1c6d4a8f7b2e91",
      "block_number": 52344936
    },
    {
      "tx_hash": "0x001ae810f14ee68d0015ba4cca79219e",
      "time": "2026-05-11T10:25:53Z",
      "side": "sell",
      "outcome": "no",
      "price": 0.3221,
      "size": 3510,
      "value_usd": 1130.57,
      "trader_address": "0xb38d9c2f1a6e4b7c8d5a2f9b3e1c6d4a8f7b2e91",
      "block_number": 52344899
    },
    {
      "tx_hash": "0x000b7f1e5c448b950008270fd73b5b22",
      "time": "2026-05-11T09:55:18Z",
      "side": "sell",
      "outcome": "yes",
      "price": 0.6552,
      "size": 8687,
      "value_usd": 5691.72,
      "trader_address": "0xb91e3a7c5f8b4d2a6e1c9f3b7d4a8c2e6b5f1a38",
      "block_number": 52344862
    },
    {
      "tx_hash": "0x000c05c29304f35c00143d448854a280",
      "time": "2026-05-11T10:04:18Z",
      "side": "sell",
      "outcome": "no",
      "price": 0.3268,
      "size": 1514,
      "value_usd": 494.78,
      "trader_address": "0xb91e3a7c5f8b4d2a6e1c9f3b7d4a8c2e6b5f1a38",
      "block_number": 52344825
    },
    {
      "tx_hash": "0x001a9597171dd0ba001ef3f8eb00908a",
      "time": "2026-05-11T09:15:55Z",
      "side": "buy",
      "outcome": "yes",
      "price": 0.6579,
      "size": 1118,
      "value_usd": 735.53,
      "trader_address": "0xc41b7e2a9d8f3b5c1e6a4f8b2d9c5e1a7f3b8d24",
      "block_number": 52344788
    },
    {
      "tx_hash": "0x0010e0fb8a60f686000aff04464609d8",
      "time": "2026-05-11T09:06:21Z",
      "side": "sell",
      "outcome": "no",
      "price": 0.3424,
      "size": 2270,
      "value_usd": 777.25,
      "trader_address": "0xb38d9c2f1a6e4b7c8d5a2f9b3e1c6d4a8f7b2e91",
      "block_number": 52344751
    },
    {
      "tx_hash": "0x001abb0d8d8ddb7d001880072ac64aa5",
      "time": "2026-05-11T09:25:15Z",
      "side": "sell",
      "outcome": "no",
      "price": 0.3112,
      "size": 6148,
      "value_usd": 1913.26,
      "trader_address": "0xf17c4e9b2a8d5f1a6c3e7b4d9f2a8c1e5b7d3a18",
      "block_number": 52344714
    },
    {
      "tx_hash": "0x0013e7d1d4c00d4c001a12576211956b",
      "time": "2026-05-11T09:12:53Z",
      "side": "buy",
      "outcome": "no",
      "price": 0.2953,
      "size": 6553,
      "value_usd": 1935.1,
      "trader_address": "0xc78d4f1b9e2a6c3f5b8d1a4e7c9b2f6d8a3e5b27",
      "block_number": 52344677
    },
    {
      "tx_hash": "0x00078970b46676fc00201cdc516c2e48",
      "time": "2026-05-11T08:34:03Z",
      "side": "buy",
      "outcome": "yes",
      "price": 0.6947,
      "size": 9626,
      "value_usd": 6687.18,
      "trader_address": "0xd62a1f7c8e4b3d9a2c6f5b8e1d4a7c9b3f6e2a73",
      "block_number": 52344640
    },
    {
      "tx_hash": "0x0007faf820be7330001a2a51d28be2ce",
      "time": "2026-05-11T08:34:39Z",
      "side": "sell",
      "outcome": "no",
      "price": 0.3424,
      "size": 10889,
      "value_usd": 3728.39,
      "trader_address": "0xe25a8d3c9f1b6e4a7b2c5d8f4a1e9c6b3f7d8a42",
      "block_number": 52344603
    },
    {
      "tx_hash": "0x002180006866beb800062e632d783e06",
      "time": "2026-05-11T08:51:25Z",
      "side": "sell",
      "outcome": "no",
      "price": 0.3307,
      "size": 2622,
      "value_usd": 867.1,
      "trader_address": "0xf17c4e9b2a8d5f1a6c3e7b4d9f2a8c1e5b7d3a18",
      "block_number": 52344566
    },
    {
      "tx_hash": "0x00170b2042a3368c001c323a80dcb087",
      "time": "2026-05-11T08:30:47Z",
      "side": "buy",
      "outcome": "no",
      "price": 0.3356,
      "size": 3641,
      "value_usd": 1221.92,
      "trader_address": "0x7a3f5d2c1b8e9a4f6b2d8c3e1f5a9b4c7d2e8b21",
      "block_number": 52344529
    },
    {
      "tx_hash": "0x00061b34cb1f969c001aa2534aa9bad2",
      "time": "2026-05-11T08:26:48Z",
      "side": "buy",
      "outcome": "yes",
      "price": 0.6707,
      "size": 2051,
      "value_usd": 1375.61,
      "trader_address": "0xa14b6c8d2f9e5a3b7c1f4d8a6e2c9b5d8f1e3a86",
      "block_number": 52344492
    },
    {
      "tx_hash": "0x001be256e340b3fa001dcf2d757c583d",
      "time": "2026-05-11T08:06:07Z",
      "side": "sell",
      "outcome": "yes",
      "price": 0.7048,
      "size": 8962,
      "value_usd": 6316.42,
      "trader_address": "0xe25a8d3c9f1b6e4a7b2c5d8f4a1e9c6b3f7d8a42",
      "block_number": 52344455
    },
    {
      "tx_hash": "0x001aeaad5d9faf31000d678872a1b333",
      "time": "2026-05-11T07:21:15Z",
      "side": "buy",
      "outcome": "no",
      "price": 0.3155,
      "size": 10459,
      "value_usd": 3299.81,
      "trader_address": "0xc78d4f1b9e2a6c3f5b8d1a4e7c9b2f6d8a3e5b27",
      "block_number": 52344418
    },
    {
      "tx_hash": "0x000e09b7ffab3b47000e935b0ed4cb65",
      "time": "2026-05-11T07:14:36Z",
      "side": "buy",
      "outcome": "yes",
      "price": 0.7078,
      "size": 1602,
      "value_usd": 1133.9,
      "trader_address": "0xd62a1f7c8e4b3d9a2c6f5b8e1d4a7c9b3f6e2a73",
      "block_number": 52344381
    },
    {
      "tx_hash": "0x000fdf14ebfeacba000151aa15a1e683",
      "time": "2026-05-11T07:31:58Z",
      "side": "sell",
      "outcome": "no",
      "price": 0.3144,
      "size": 4543,
      "value_usd": 1428.32,
      "trader_address": "0xb91e3a7c5f8b4d2a6e1c9f3b7d4a8c2e6b5f1a38",
      "block_number": 52344344
    },
    {
      "tx_hash": "0x00118c679aef98c2000f8c132fbd7b70",
      "time": "2026-05-11T07:12:48Z",
      "side": "buy",
      "outcome": "yes",
      "price": 0.7071,
      "size": 5327,
      "value_usd": 3766.72,
      "trader_address": "0xb91e3a7c5f8b4d2a6e1c9f3b7d4a8c2e6b5f1a38",
      "block_number": 52344307
    },
    {
      "tx_hash": "0x001a22715cab52a6001d54766e7a7e29",
      "time": "2026-05-11T07:12:25Z",
      "side": "buy",
      "outcome": "no",
      "price": 0.3059,
      "size": 7284,
      "value_usd": 2228.18,
      "trader_address": "0xb38d9c2f1a6e4b7c8d5a2f9b3e1c6d4a8f7b2e91",
      "block_number": 52344270
    },
    {
      "tx_hash": "0x0005ae463dc80cdd001333253feff021",
      "time": "2026-05-11T06:48:11Z",
      "side": "sell",
      "outcome": "yes",
      "price": 0.6677,
      "size": 10045,
      "value_usd": 6707.05,
      "trader_address": "0x7a3f5d2c1b8e9a4f6b2d8c3e1f5a9b4c7d2e8b21",
      "block_number": 52344233
    }
  ],
  "12348": [
    {
      "tx_hash": "0x00202090b029334c000bf016c65035c6",
      "time": "2026-05-11T13:10:44Z",
      "side": "sell",
      "outcome": "yes",
      "price": 0.091,
      "size": 2003,
      "value_usd": 182.27,
      "trader_address": "0xe25a8d3c9f1b6e4a7b2c5d8f4a1e9c6b3f7d8a42",
      "block_number": 52345675
    },
    {
      "tx_hash": "0x0008252a80ec9694001f2891aa7c2adf",
      "time": "2026-05-11T13:47:27Z",
      "side": "sell",
      "outcome": "yes",
      "price": 0.1214,
      "size": 3010,
      "value_usd": 365.41,
      "trader_address": "0xf17c4e9b2a8d5f1a6c3e7b4d9f2a8c1e5b7d3a18",
      "block_number": 52345638
    },
    {
      "tx_hash": "0x001a4944e36e7ca600183d03b811a308",
      "time": "2026-05-11T12:57:35Z",
      "side": "buy",
      "outcome": "yes",
      "price": 0.0922,
      "size": 7462,
      "value_usd": 688,
      "trader_address": "0xa92e1c5f8d3b7a2c6e9f4b1d8a5c2e7b9d4a1f65",
      "block_number": 52345601
    },
    {
      "tx_hash": "0x0005ac468c8279250003e66dd4d0d607",
      "time": "2026-05-11T12:32:47Z",
      "side": "sell",
      "outcome": "no",
      "price": 0.879,
      "size": 1802,
      "value_usd": 1583.96,
      "trader_address": "0xd62a1f7c8e4b3d9a2c6f5b8e1d4a7c9b3f6e2a73",
      "block_number": 52345564
    },
    {
      "tx_hash": "0x001141ef67b69b18001aa7a1867f6ccb",
      "time": "2026-05-11T13:03:59Z",
      "side": "sell",
      "outcome": "yes",
      "price": 0.0913,
      "size": 10483,
      "value_usd": 957.1,
      "trader_address": "0xb91e3a7c5f8b4d2a6e1c9f3b7d4a8c2e6b5f1a38",
      "block_number": 52345527
    },
    {
      "tx_hash": "0x001a1ce402ed17660016ee5196fafc42",
      "time": "2026-05-11T12:49:45Z",
      "side": "sell",
      "outcome": "yes",
      "price": 0.1418,
      "size": 439,
      "value_usd": 62.25,
      "trader_address": "0xa92e1c5f8d3b7a2c6e9f4b1d8a5c2e7b9d4a1f65",
      "block_number": 52345490
    },
    {
      "tx_hash": "0x000cad7b78a5c111000fcb1d0f52d5c2",
      "time": "2026-05-11T12:57:48Z",
      "side": "sell",
      "outcome": "yes",
      "price": 0.1081,
      "size": 1364,
      "value_usd": 147.45,
      "trader_address": "0xc78d4f1b9e2a6c3f5b8d1a4e7c9b2f6d8a3e5b27",
      "block_number": 52345453
    },
    {
      "tx_hash": "0x000a27c3420072ca0019d1e44f100b14",
      "time": "2026-05-11T12:49:37Z",
      "side": "sell",
      "outcome": "no",
      "price": 0.8937,
      "size": 5165,
      "value_usd": 4615.96,
      "trader_address": "0xc78d4f1b9e2a6c3f5b8d1a4e7c9b2f6d8a3e5b27",
      "block_number": 52345416
    },
    {
      "tx_hash": "0x0017f18982358703000532ca0e824af5",
      "time": "2026-05-11T11:46:33Z",
      "side": "buy",
      "outcome": "yes",
      "price": 0.1089,
      "size": 3130,
      "value_usd": 340.86,
      "trader_address": "0xd62a1f7c8e4b3d9a2c6f5b8e1d4a7c9b3f6e2a73",
      "block_number": 52345379
    },
    {
      "tx_hash": "0x0019ce2e7b9122600000fb59c34bd65d",
      "time": "2026-05-11T12:13:59Z",
      "side": "buy",
      "outcome": "yes",
      "price": 0.0959,
      "size": 2945,
      "value_usd": 282.43,
      "trader_address": "0xb91e3a7c5f8b4d2a6e1c9f3b7d4a8c2e6b5f1a38",
      "block_number": 52345342
    },
    {
      "tx_hash": "0x000dcdcd25cbc47b00017fc925a130cd",
      "time": "2026-05-11T12:02:16Z",
      "side": "sell",
      "outcome": "yes",
      "price": 0.1359,
      "size": 11871,
      "value_usd": 1613.27,
      "trader_address": "0xe25a8d3c9f1b6e4a7b2c5d8f4a1e9c6b3f7d8a42",
      "block_number": 52345305
    },
    {
      "tx_hash": "0x000c15cfa575170c001b9dd652d76fc1",
      "time": "2026-05-11T11:36:17Z",
      "side": "sell",
      "outcome": "yes",
      "price": 0.0919,
      "size": 7763,
      "value_usd": 713.42,
      "trader_address": "0xb91e3a7c5f8b4d2a6e1c9f3b7d4a8c2e6b5f1a38",
      "block_number": 52345268
    },
    {
      "tx_hash": "0x000211aa6ea995e5001453d1ee6c0a25",
      "time": "2026-05-11T11:25:25Z",
      "side": "buy",
      "outcome": "no",
      "price": 0.8873,
      "size": 7518,
      "value_usd": 6670.72,
      "trader_address": "0xb91e3a7c5f8b4d2a6e1c9f3b7d4a8c2e6b5f1a38",
      "block_number": 52345231
    },
    {
      "tx_hash": "0x000ad726f82fe2ba0022b0790f128c38",
      "time": "2026-05-11T10:58:07Z",
      "side": "sell",
      "outcome": "no",
      "price": 0.9025,
      "size": 11662,
      "value_usd": 10524.95,
      "trader_address": "0xb38d9c2f1a6e4b7c8d5a2f9b3e1c6d4a8f7b2e91",
      "block_number": 52345194
    },
    {
      "tx_hash": "0x0008fa5bad509d6a000dc3fddb78be8a",
      "time": "2026-05-11T11:25:39Z",
      "side": "sell",
      "outcome": "yes",
      "price": 0.1446,
      "size": 9623,
      "value_usd": 1391.49,
      "trader_address": "0xf17c4e9b2a8d5f1a6c3e7b4d9f2a8c1e5b7d3a18",
      "block_number": 52345157
    },
    {
      "tx_hash": "0x000b38882a6200c7001b24e2d3ad0c4f",
      "time": "2026-05-11T11:18:10Z",
      "side": "buy",
      "outcome": "yes",
      "price": 0.1207,
      "size": 6007,
      "value_usd": 725.04,
      "trader_address": "0x7a3f5d2c1b8e9a4f6b2d8c3e1f5a9b4c7d2e8b21",
      "block_number": 52345120
    },
    {
      "tx_hash": "0x001fd6eb72c4126c0013b8ff449f3a7f",
      "time": "2026-05-11T10:36:38Z",
      "side": "sell",
      "outcome": "no",
      "price": 0.869,
      "size": 12035,
      "value_usd": 10458.41,
      "trader_address": "0xa14b6c8d2f9e5a3b7c1f4d8a6e2c9b5d8f1e3a86",
      "block_number": 52345083
    },
    {
      "tx_hash": "0x001159a5f21f7f91000014930d2b6585",
      "time": "2026-05-11T10:44:09Z",
      "side": "sell",
      "outcome": "yes",
      "price": 0.0927,
      "size": 11050,
      "value_usd": 1024.34,
      "trader_address": "0xa92e1c5f8d3b7a2c6e9f4b1d8a5c2e7b9d4a1f65",
      "block_number": 52345046
    },
    {
      "tx_hash": "0x001c944e7864d06800097ae169675d18",
      "time": "2026-05-11T10:07:37Z",
      "side": "sell",
      "outcome": "no",
      "price": 0.8991,
      "size": 6431,
      "value_usd": 5782.11,
      "trader_address": "0xd62a1f7c8e4b3d9a2c6f5b8e1d4a7c9b3f6e2a73",
      "block_number": 52345009
    },
    {
      "tx_hash": "0x0020c773f1d7fa28000b2937d6eeb6fe",
      "time": "2026-05-11T10:40:28Z",
      "side": "buy",
      "outcome": "no",
      "price": 0.8741,
      "size": 2389,
      "value_usd": 2088.22,
      "trader_address": "0x7a3f5d2c1b8e9a4f6b2d8c3e1f5a9b4c7d2e8b21",
      "block_number": 52344972
    },
    {
      "tx_hash": "0x001806198139fb25000f5b8ff7998451",
      "time": "2026-05-11T10:29:05Z",
      "side": "sell",
      "outcome": "yes",
      "price": 0.1176,
      "size": 1419,
      "value_usd": 166.87,
      "trader_address": "0xc78d4f1b9e2a6c3f5b8d1a4e7c9b2f6d8a3e5b27",
      "block_number": 52344935
    },
    {
      "tx_hash": "0x001487389fa971d600233ab7dd1e8288",
      "time": "2026-05-11T09:48:06Z",
      "side": "sell",
      "outcome": "yes",
      "price": 0.0957,
      "size": 9039,
      "value_usd": 865.03,
      "trader_address": "0x7a3f5d2c1b8e9a4f6b2d8c3e1f5a9b4c7d2e8b21",
      "block_number": 52344898
    },
    {
      "tx_hash": "0x000855bf0ee7556e0010d357ccdb8be6",
      "time": "2026-05-11T09:47:28Z",
      "side": "sell",
      "outcome": "no",
      "price": 0.8601,
      "size": 4580,
      "value_usd": 3939.26,
      "trader_address": "0xc41b7e2a9d8f3b5c1e6a4f8b2d9c5e1a7f3b8d24",
      "block_number": 52344861
    },
    {
      "tx_hash": "0x00049a5d38263603000e42d8569bcbe0",
      "time": "2026-05-11T09:45:36Z",
      "side": "sell",
      "outcome": "no",
      "price": 0.8893,
      "size": 1251,
      "value_usd": 1112.51,
      "trader_address": "0xa14b6c8d2f9e5a3b7c1f4d8a6e2c9b5d8f1e3a86",
      "block_number": 52344824
    },
    {
      "tx_hash": "0x00165e0a8b379269001517f0ac3aa152",
      "time": "2026-05-11T09:03:58Z",
      "side": "buy",
      "outcome": "yes",
      "price": 0.1389,
      "size": 2006,
      "value_usd": 278.63,
      "trader_address": "0xb38d9c2f1a6e4b7c8d5a2f9b3e1c6d4a8f7b2e91",
      "block_number": 52344787
    },
    {
      "tx_hash": "0x0006b7fdda27949e00096a763a6ea465",
      "time": "2026-05-11T09:33:24Z",
      "side": "buy",
      "outcome": "yes",
      "price": 0.1432,
      "size": 2041,
      "value_usd": 292.27,
      "trader_address": "0xd62a1f7c8e4b3d9a2c6f5b8e1d4a7c9b3f6e2a73",
      "block_number": 52344750
    },
    {
      "tx_hash": "0x00138b61316edd9b001891c635c2e12c",
      "time": "2026-05-11T09:02:33Z",
      "side": "buy",
      "outcome": "yes",
      "price": 0.1446,
      "size": 2613,
      "value_usd": 377.84,
      "trader_address": "0xf17c4e9b2a8d5f1a6c3e7b4d9f2a8c1e5b7d3a18",
      "block_number": 52344713
    },
    {
      "tx_hash": "0x00165acc545dc26f0020ed788b492d2c",
      "time": "2026-05-11T08:44:14Z",
      "side": "buy",
      "outcome": "yes",
      "price": 0.1049,
      "size": 9736,
      "value_usd": 1021.31,
      "trader_address": "0xc78d4f1b9e2a6c3f5b8d1a4e7c9b2f6d8a3e5b27",
      "block_number": 52344676
    },
    {
      "tx_hash": "0x00184f096faa93340001dd2d0d617bc0",
      "time": "2026-05-11T08:41:33Z",
      "side": "buy",
      "outcome": "yes",
      "price": 0.0985,
      "size": 407,
      "value_usd": 40.09,
      "trader_address": "0xb91e3a7c5f8b4d2a6e1c9f3b7d4a8c2e6b5f1a38",
      "block_number": 52344639
    },
    {
      "tx_hash": "0x00116958b6869c330020c19f0872fff0",
      "time": "2026-05-11T08:51:30Z",
      "side": "buy",
      "outcome": "no",
      "price": 0.8573,
      "size": 4242,
      "value_usd": 3636.67,
      "trader_address": "0xb38d9c2f1a6e4b7c8d5a2f9b3e1c6d4a8f7b2e91",
      "block_number": 52344602
    },
    {
      "tx_hash": "0x000ad01ccca662e30017b3d6636fe5b3",
      "time": "2026-05-11T08:47:18Z",
      "side": "sell",
      "outcome": "yes",
      "price": 0.1033,
      "size": 1837,
      "value_usd": 189.76,
      "trader_address": "0xe25a8d3c9f1b6e4a7b2c5d8f4a1e9c6b3f7d8a42",
      "block_number": 52344565
    },
    {
      "tx_hash": "0x0022dd5da6b76c42001c4e3a81f3815a",
      "time": "2026-05-11T08:30:45Z",
      "side": "sell",
      "outcome": "yes",
      "price": 0.1257,
      "size": 11017,
      "value_usd": 1384.84,
      "trader_address": "0xc78d4f1b9e2a6c3f5b8d1a4e7c9b2f6d8a3e5b27",
      "block_number": 52344528
    },
    {
      "tx_hash": "0x00180dfbb71424460020094f820d3496",
      "time": "2026-05-11T07:59:37Z",
      "side": "buy",
      "outcome": "no",
      "price": 0.8806,
      "size": 3652,
      "value_usd": 3215.95,
      "trader_address": "0xf17c4e9b2a8d5f1a6c3e7b4d9f2a8c1e5b7d3a18",
      "block_number": 52344491
    },
    {
      "tx_hash": "0x0006274f66183e4b0005bd56c04ccbb9",
      "time": "2026-05-11T07:39:20Z",
      "side": "buy",
      "outcome": "yes",
      "price": 0.1261,
      "size": 3098,
      "value_usd": 390.66,
      "trader_address": "0xe25a8d3c9f1b6e4a7b2c5d8f4a1e9c6b3f7d8a42",
      "block_number": 52344454
    },
    {
      "tx_hash": "0x00042f0c99d9176f0005bf6d03732f94",
      "time": "2026-05-11T07:31:50Z",
      "side": "sell",
      "outcome": "yes",
      "price": 0.1442,
      "size": 11697,
      "value_usd": 1686.71,
      "trader_address": "0x7a3f5d2c1b8e9a4f6b2d8c3e1f5a9b4c7d2e8b21",
      "block_number": 52344417
    },
    {
      "tx_hash": "0x00004439ae3b71070012dbba25823da7",
      "time": "2026-05-11T08:05:42Z",
      "side": "buy",
      "outcome": "yes",
      "price": 0.096,
      "size": 3578,
      "value_usd": 343.49,
      "trader_address": "0xf17c4e9b2a8d5f1a6c3e7b4d9f2a8c1e5b7d3a18",
      "block_number": 52344380
    },
    {
      "tx_hash": "0x000d6c00646762bf000fa8ee154139d1",
      "time": "2026-05-11T07:07:40Z",
      "side": "buy",
      "outcome": "yes",
      "price": 0.1153,
      "size": 2926,
      "value_usd": 337.37,
      "trader_address": "0xe25a8d3c9f1b6e4a7b2c5d8f4a1e9c6b3f7d8a42",
      "block_number": 52344343
    },
    {
      "tx_hash": "0x000672c66407bdde000a10181d659b5d",
      "time": "2026-05-11T07:46:32Z",
      "side": "buy",
      "outcome": "no",
      "price": 0.8708,
      "size": 11200,
      "value_usd": 9752.96,
      "trader_address": "0x7a3f5d2c1b8e9a4f6b2d8c3e1f5a9b4c7d2e8b21",
      "block_number": 52344306
    },
    {
      "tx_hash": "0x0021a4c81561b54a001a8dbd22b66bba",
      "time": "2026-05-11T07:06:39Z",
      "side": "buy",
      "outcome": "yes",
      "price": 0.1211,
      "size": 1299,
      "value_usd": 157.31,
      "trader_address": "0xc78d4f1b9e2a6c3f5b8d1a4e7c9b2f6d8a3e5b27",
      "block_number": 52344269
    },
    {
      "tx_hash": "0x001c90cb7636c30a000d9ba67d0c4155",
      "time": "2026-05-11T06:40:27Z",
      "side": "sell",
      "outcome": "yes",
      "price": 0.1355,
      "size": 8746,
      "value_usd": 1185.08,
      "trader_address": "0xb91e3a7c5f8b4d2a6e1c9f3b7d4a8c2e6b5f1a38",
      "block_number": 52344232
    }
  ],
  "12349": [
    {
      "tx_hash": "0x00086ae1d42b998f0001768a0c6ab344",
      "time": "2026-05-11T13:18:01Z",
      "side": "sell",
      "outcome": "yes",
      "price": 0.2954,
      "size": 11463,
      "value_usd": 3386.17,
      "trader_address": "0xe25a8d3c9f1b6e4a7b2c5d8f4a1e9c6b3f7d8a42",
      "block_number": 52345674
    },
    {
      "tx_hash": "0x0008b142f800caaf001108111c4facbf",
      "time": "2026-05-11T12:50:28Z",
      "side": "buy",
      "outcome": "yes",
      "price": 0.2759,
      "size": 8737,
      "value_usd": 2410.54,
      "trader_address": "0xb38d9c2f1a6e4b7c8d5a2f9b3e1c6d4a8f7b2e91",
      "block_number": 52345637
    },
    {
      "tx_hash": "0x001c685c4224a64e0010926bb4a9687c",
      "time": "2026-05-11T13:04:03Z",
      "side": "sell",
      "outcome": "no",
      "price": 0.7175,
      "size": 8187,
      "value_usd": 5874.17,
      "trader_address": "0xa14b6c8d2f9e5a3b7c1f4d8a6e2c9b5d8f1e3a86",
      "block_number": 52345600
    },
    {
      "tx_hash": "0x0009282fb8658db5001dc2fe36686de8",
      "time": "2026-05-11T13:01:38Z",
      "side": "buy",
      "outcome": "no",
      "price": 0.7307,
      "size": 4550,
      "value_usd": 3324.68,
      "trader_address": "0xe25a8d3c9f1b6e4a7b2c5d8f4a1e9c6b3f7d8a42",
      "block_number": 52345563
    },
    {
      "tx_hash": "0x001c80b4ac2eb20f0001dcafb92f33c6",
      "time": "2026-05-11T13:07:15Z",
      "side": "buy",
      "outcome": "no",
      "price": 0.757,
      "size": 9403,
      "value_usd": 7118.07,
      "trader_address": "0xa92e1c5f8d3b7a2c6e9f4b1d8a5c2e7b9d4a1f65",
      "block_number": 52345526
    },
    {
      "tx_hash": "0x0013240aa34aff970021dfbf30479a9c",
      "time": "2026-05-11T12:32:43Z",
      "side": "buy",
      "outcome": "yes",
      "price": 0.284,
      "size": 10098,
      "value_usd": 2867.83,
      "trader_address": "0xc41b7e2a9d8f3b5c1e6a4f8b2d9c5e1a7f3b8d24",
      "block_number": 52345489
    },
    {
      "tx_hash": "0x0018997095c5015f0017e6ff0f8429ef",
      "time": "2026-05-11T12:41:09Z",
      "side": "buy",
      "outcome": "yes",
      "price": 0.2852,
      "size": 11845,
      "value_usd": 3378.19,
      "trader_address": "0xe25a8d3c9f1b6e4a7b2c5d8f4a1e9c6b3f7d8a42",
      "block_number": 52345452
    },
    {
      "tx_hash": "0x0015bf08ce0746650010be04663e6ba7",
      "time": "2026-05-11T12:45:57Z",
      "side": "buy",
      "outcome": "yes",
      "price": 0.2977,
      "size": 6765,
      "value_usd": 2013.94,
      "trader_address": "0x7a3f5d2c1b8e9a4f6b2d8c3e1f5a9b4c7d2e8b21",
      "block_number": 52345415
    },
    {
      "tx_hash": "0x002056591a6e6fb60019ab8aa0924092",
      "time": "2026-05-11T11:54:20Z",
      "side": "sell",
      "outcome": "yes",
      "price": 0.2994,
      "size": 11602,
      "value_usd": 3473.64,
      "trader_address": "0xf17c4e9b2a8d5f1a6c3e7b4d9f2a8c1e5b7d3a18",
      "block_number": 52345378
    },
    {
      "tx_hash": "0x00220a7953934c460015df3ef4727e99",
      "time": "2026-05-11T12:26:20Z",
      "side": "buy",
      "outcome": "no",
      "price": 0.7135,
      "size": 8740,
      "value_usd": 6235.99,
      "trader_address": "0xa14b6c8d2f9e5a3b7c1f4d8a6e2c9b5d8f1e3a86",
      "block_number": 52345341
    },
    {
      "tx_hash": "0x0011f0bfd3886579000ce6b3707fa154",
      "time": "2026-05-11T12:01:17Z",
      "side": "buy",
      "outcome": "yes",
      "price": 0.2953,
      "size": 805,
      "value_usd": 237.72,
      "trader_address": "0xe25a8d3c9f1b6e4a7b2c5d8f4a1e9c6b3f7d8a42",
      "block_number": 52345304
    },
    {
      "tx_hash": "0x001cfe98c2d4b295000db5d4c325c957",
      "time": "2026-05-11T11:43:38Z",
      "side": "sell",
      "outcome": "yes",
      "price": 0.2461,
      "size": 5171,
      "value_usd": 1272.58,
      "trader_address": "0x7a3f5d2c1b8e9a4f6b2d8c3e1f5a9b4c7d2e8b21",
      "block_number": 52345267
    },
    {
      "tx_hash": "0x0012d453877c78250014949dca30fd27",
      "time": "2026-05-11T11:46:34Z",
      "side": "buy",
      "outcome": "yes",
      "price": 0.2627,
      "size": 4173,
      "value_usd": 1096.25,
      "trader_address": "0xe25a8d3c9f1b6e4a7b2c5d8f4a1e9c6b3f7d8a42",
      "block_number": 52345230
    },
    {
      "tx_hash": "0x001da9ad0e6ab8f6000688744d6a3509",
      "time": "2026-05-11T11:25:49Z",
      "side": "buy",
      "outcome": "yes",
      "price": 0.2675,
      "size": 11897,
      "value_usd": 3182.45,
      "trader_address": "0xa14b6c8d2f9e5a3b7c1f4d8a6e2c9b5d8f1e3a86",
      "block_number": 52345193
    },
    {
      "tx_hash": "0x001e675e3a48fafe0023249d7b40a9be",
      "time": "2026-05-11T11:21:23Z",
      "side": "buy",
      "outcome": "yes",
      "price": 0.2846,
      "size": 1715,
      "value_usd": 488.09,
      "trader_address": "0x7a3f5d2c1b8e9a4f6b2d8c3e1f5a9b4c7d2e8b21",
      "block_number": 52345156
    },
    {
      "tx_hash": "0x00027161471c37560000c2ebad937207",
      "time": "2026-05-11T10:50:11Z",
      "side": "sell",
      "outcome": "yes",
      "price": 0.2409,
      "size": 4199,
      "value_usd": 1011.54,
      "trader_address": "0xa92e1c5f8d3b7a2c6e9f4b1d8a5c2e7b9d4a1f65",
      "block_number": 52345119
    },
    {
      "tx_hash": "0x00114304c89b447f00100b0659b62063",
      "time": "2026-05-11T11:11:21Z",
      "side": "buy",
      "outcome": "no",
      "price": 0.7148,
      "size": 8890,
      "value_usd": 6354.57,
      "trader_address": "0xd62a1f7c8e4b3d9a2c6f5b8e1d4a7c9b3f6e2a73",
      "block_number": 52345082
    },
    {
      "tx_hash": "0x0013289258082fae0000bff5c5e3d3e8",
      "time": "2026-05-11T10:42:30Z",
      "side": "sell",
      "outcome": "yes",
      "price": 0.2944,
      "size": 4387,
      "value_usd": 1291.53,
      "trader_address": "0xb91e3a7c5f8b4d2a6e1c9f3b7d4a8c2e6b5f1a38",
      "block_number": 52345045
    },
    {
      "tx_hash": "0x001516074c2a386e001fbdf6273dcd6b",
      "time": "2026-05-11T10:06:11Z",
      "side": "sell",
      "outcome": "yes",
      "price": 0.2802,
      "size": 1642,
      "value_usd": 460.09,
      "trader_address": "0x7a3f5d2c1b8e9a4f6b2d8c3e1f5a9b4c7d2e8b21",
      "block_number": 52345008
    },
    {
      "tx_hash": "0x000b877850e77a68000b2a05c8827414",
      "time": "2026-05-11T10:42:42Z",
      "side": "buy",
      "outcome": "yes",
      "price": 0.2864,
      "size": 1880,
      "value_usd": 538.43,
      "trader_address": "0xd62a1f7c8e4b3d9a2c6f5b8e1d4a7c9b3f6e2a73",
      "block_number": 52344971
    },
    {
      "tx_hash": "0x002122492c8c25e2000656469ea91c54",
      "time": "2026-05-11T10:31:14Z",
      "side": "buy",
      "outcome": "no",
      "price": 0.7022,
      "size": 1945,
      "value_usd": 1365.78,
      "trader_address": "0xa14b6c8d2f9e5a3b7c1f4d8a6e2c9b5d8f1e3a86",
      "block_number": 52344934
    },
    {
      "tx_hash": "0x001a7f1cce5540ed000374d98d37465a",
      "time": "2026-05-11T10:19:13Z",
      "side": "sell",
      "outcome": "no",
      "price": 0.7456,
      "size": 8488,
      "value_usd": 6328.65,
      "trader_address": "0x7a3f5d2c1b8e9a4f6b2d8c3e1f5a9b4c7d2e8b21",
      "block_number": 52344897
    },
    {
      "tx_hash": "0x000b8fdeea655979000151f915df125a",
      "time": "2026-05-11T09:47:07Z",
      "side": "sell",
      "outcome": "yes",
      "price": 0.2874,
      "size": 5180,
      "value_usd": 1488.73,
      "trader_address": "0x7a3f5d2c1b8e9a4f6b2d8c3e1f5a9b4c7d2e8b21",
      "block_number": 52344860
    },
    {
      "tx_hash": "0x001127b0ecfcd8f10015d3e2a4acaa8b",
      "time": "2026-05-11T10:04:33Z",
      "side": "buy",
      "outcome": "yes",
      "price": 0.2897,
      "size": 9371,
      "value_usd": 2714.78,
      "trader_address": "0xb38d9c2f1a6e4b7c8d5a2f9b3e1c6d4a8f7b2e91",
      "block_number": 52344823
    },
    {
      "tx_hash": "0x001dd41ad78ad5ec00064249be4b4171",
      "time": "2026-05-11T09:39:39Z",
      "side": "sell",
      "outcome": "yes",
      "price": 0.2742,
      "size": 7348,
      "value_usd": 2014.82,
      "trader_address": "0xe25a8d3c9f1b6e4a7b2c5d8f4a1e9c6b3f7d8a42",
      "block_number": 52344786
    },
    {
      "tx_hash": "0x001b48df7a896e6d001b71883b20db9e",
      "time": "2026-05-11T09:18:56Z",
      "side": "sell",
      "outcome": "no",
      "price": 0.746,
      "size": 426,
      "value_usd": 317.8,
      "trader_address": "0xd62a1f7c8e4b3d9a2c6f5b8e1d4a7c9b3f6e2a73",
      "block_number": 52344749
    },
    {
      "tx_hash": "0x00148816826b38d2001bd22d303b862e",
      "time": "2026-05-11T08:58:31Z",
      "side": "sell",
      "outcome": "no",
      "price": 0.7314,
      "size": 9170,
      "value_usd": 6706.94,
      "trader_address": "0xc78d4f1b9e2a6c3f5b8d1a4e7c9b2f6d8a3e5b27",
      "block_number": 52344712
    },
    {
      "tx_hash": "0x0000dc7112e5b056000d3ee8ae2509e2",
      "time": "2026-05-11T08:46:35Z",
      "side": "sell",
      "outcome": "yes",
      "price": 0.2466,
      "size": 8579,
      "value_usd": 2115.58,
      "trader_address": "0xe25a8d3c9f1b6e4a7b2c5d8f4a1e9c6b3f7d8a42",
      "block_number": 52344675
    },
    {
      "tx_hash": "0x0006602ca078cd0c000182e5f543e371",
      "time": "2026-05-11T08:52:34Z",
      "side": "buy",
      "outcome": "no",
      "price": 0.7301,
      "size": 11126,
      "value_usd": 8123.09,
      "trader_address": "0xa14b6c8d2f9e5a3b7c1f4d8a6e2c9b5d8f1e3a86",
      "block_number": 52344638
    },
    {
      "tx_hash": "0x000dd944f74c0b2900221ba553338f30",
      "time": "2026-05-11T08:39:20Z",
      "side": "buy",
      "outcome": "no",
      "price": 0.7088,
      "size": 1062,
      "value_usd": 752.75,
      "trader_address": "0xe25a8d3c9f1b6e4a7b2c5d8f4a1e9c6b3f7d8a42",
      "block_number": 52344601
    },
    {
      "tx_hash": "0x000be436797539a20011ae9ea83d6f7a",
      "time": "2026-05-11T08:08:04Z",
      "side": "buy",
      "outcome": "yes",
      "price": 0.2584,
      "size": 464,
      "value_usd": 119.9,
      "trader_address": "0xf17c4e9b2a8d5f1a6c3e7b4d9f2a8c1e5b7d3a18",
      "block_number": 52344564
    },
    {
      "tx_hash": "0x000c3b45285701cb002069d0e77739bc",
      "time": "2026-05-11T08:41:40Z",
      "side": "buy",
      "outcome": "no",
      "price": 0.7343,
      "size": 9300,
      "value_usd": 6828.99,
      "trader_address": "0xb38d9c2f1a6e4b7c8d5a2f9b3e1c6d4a8f7b2e91",
      "block_number": 52344527
    },
    {
      "tx_hash": "0x001b9fc53c1af79700224980d34fcaa8",
      "time": "2026-05-11T08:17:25Z",
      "side": "sell",
      "outcome": "yes",
      "price": 0.3,
      "size": 8234,
      "value_usd": 2470.2,
      "trader_address": "0xd62a1f7c8e4b3d9a2c6f5b8e1d4a7c9b3f6e2a73",
      "block_number": 52344490
    },
    {
      "tx_hash": "0x002077c6542d23f000048d3f82c3bac9",
      "time": "2026-05-11T08:11:02Z",
      "side": "buy",
      "outcome": "yes",
      "price": 0.2921,
      "size": 5474,
      "value_usd": 1598.96,
      "trader_address": "0x7a3f5d2c1b8e9a4f6b2d8c3e1f5a9b4c7d2e8b21",
      "block_number": 52344453
    },
    {
      "tx_hash": "0x00004df73ac5dbeb0019a866c3da1613",
      "time": "2026-05-11T07:55:47Z",
      "side": "buy",
      "outcome": "yes",
      "price": 0.2709,
      "size": 9728,
      "value_usd": 2635.32,
      "trader_address": "0xe25a8d3c9f1b6e4a7b2c5d8f4a1e9c6b3f7d8a42",
      "block_number": 52344416
    },
    {
      "tx_hash": "0x000aae0eb2a075e40000d41e4ab55b66",
      "time": "2026-05-11T07:59:25Z",
      "side": "sell",
      "outcome": "yes",
      "price": 0.2793,
      "size": 4913,
      "value_usd": 1372.2,
      "trader_address": "0xc41b7e2a9d8f3b5c1e6a4f8b2d9c5e1a7f3b8d24",
      "block_number": 52344379
    },
    {
      "tx_hash": "0x001f6ec7133ec3060000407e6804cecb",
      "time": "2026-05-11T07:17:32Z",
      "side": "buy",
      "outcome": "no",
      "price": 0.7321,
      "size": 8213,
      "value_usd": 6012.74,
      "trader_address": "0xf17c4e9b2a8d5f1a6c3e7b4d9f2a8c1e5b7d3a18",
      "block_number": 52344342
    },
    {
      "tx_hash": "0x000d89979d5a73160012b50f345a2c22",
      "time": "2026-05-11T07:17:05Z",
      "side": "sell",
      "outcome": "no",
      "price": 0.7486,
      "size": 7775,
      "value_usd": 5820.37,
      "trader_address": "0xe25a8d3c9f1b6e4a7b2c5d8f4a1e9c6b3f7d8a42",
      "block_number": 52344305
    },
    {
      "tx_hash": "0x0006a3ee362169a9000df4c93af29db8",
      "time": "2026-05-11T06:56:15Z",
      "side": "buy",
      "outcome": "no",
      "price": 0.7206,
      "size": 9375,
      "value_usd": 6755.63,
      "trader_address": "0xb38d9c2f1a6e4b7c8d5a2f9b3e1c6d4a8f7b2e91",
      "block_number": 52344268
    },
    {
      "tx_hash": "0x0003ab1f3cb1dc770002a42a05556936",
      "time": "2026-05-11T07:13:40Z",
      "side": "sell",
      "outcome": "yes",
      "price": 0.2762,
      "size": 1024,
      "value_usd": 282.83,
      "trader_address": "0xe25a8d3c9f1b6e4a7b2c5d8f4a1e9c6b3f7d8a42",
      "block_number": 52344231
    }
  ],
  "12350": [
    {
      "tx_hash": "0x000feb2d860b083c002227c34c6650b2",
      "time": "2026-05-11T13:43:33Z",
      "side": "buy",
      "outcome": "no",
      "price": 0.4633,
      "size": 9966,
      "value_usd": 4617.25,
      "trader_address": "0xc78d4f1b9e2a6c3f5b8d1a4e7c9b2f6d8a3e5b27",
      "block_number": 52345673
    },
    {
      "tx_hash": "0x000107d461c5cc2600228f4d73b21dc0",
      "time": "2026-05-11T13:28:34Z",
      "side": "buy",
      "outcome": "no",
      "price": 0.4834,
      "size": 3825,
      "value_usd": 1849,
      "trader_address": "0xa92e1c5f8d3b7a2c6e9f4b1d8a5c2e7b9d4a1f65",
      "block_number": 52345636
    },
    {
      "tx_hash": "0x0014c9d2212548b9001e524b77f639fb",
      "time": "2026-05-11T13:13:18Z",
      "side": "sell",
      "outcome": "yes",
      "price": 0.5426,
      "size": 818,
      "value_usd": 443.85,
      "trader_address": "0xb38d9c2f1a6e4b7c8d5a2f9b3e1c6d4a8f7b2e91",
      "block_number": 52345599
    },
    {
      "tx_hash": "0x002266f8044aec900005c8633211169a",
      "time": "2026-05-11T12:51:36Z",
      "side": "sell",
      "outcome": "no",
      "price": 0.4429,
      "size": 9604,
      "value_usd": 4253.61,
      "trader_address": "0x7a3f5d2c1b8e9a4f6b2d8c3e1f5a9b4c7d2e8b21",
      "block_number": 52345562
    },
    {
      "tx_hash": "0x0010014364075b4f001c8659dbfd21ad",
      "time": "2026-05-11T12:49:25Z",
      "side": "sell",
      "outcome": "no",
      "price": 0.4397,
      "size": 12040,
      "value_usd": 5293.99,
      "trader_address": "0xc41b7e2a9d8f3b5c1e6a4f8b2d9c5e1a7f3b8d24",
      "block_number": 52345525
    },
    {
      "tx_hash": "0x0001af96df5a573a0004134c12d0d4b4",
      "time": "2026-05-11T13:04:42Z",
      "side": "buy",
      "outcome": "yes",
      "price": 0.5543,
      "size": 4396,
      "value_usd": 2436.7,
      "trader_address": "0x7a3f5d2c1b8e9a4f6b2d8c3e1f5a9b4c7d2e8b21",
      "block_number": 52345488
    },
    {
      "tx_hash": "0x002032aa0c83779a00169ed0a52a5417",
      "time": "2026-05-11T12:26:08Z",
      "side": "buy",
      "outcome": "no",
      "price": 0.4409,
      "size": 2679,
      "value_usd": 1181.17,
      "trader_address": "0xc78d4f1b9e2a6c3f5b8d1a4e7c9b2f6d8a3e5b27",
      "block_number": 52345451
    },
    {
      "tx_hash": "0x001cf4cc4b1f79c200089fdb49c3eecd",
      "time": "2026-05-11T12:42:39Z",
      "side": "sell",
      "outcome": "no",
      "price": 0.4568,
      "size": 11818,
      "value_usd": 5398.46,
      "trader_address": "0xc78d4f1b9e2a6c3f5b8d1a4e7c9b2f6d8a3e5b27",
      "block_number": 52345414
    },
    {
      "tx_hash": "0x00056b16e5897e7c000c40ba1e9ae1a9",
      "time": "2026-05-11T12:03:19Z",
      "side": "sell",
      "outcome": "no",
      "price": 0.4776,
      "size": 4617,
      "value_usd": 2205.08,
      "trader_address": "0xe25a8d3c9f1b6e4a7b2c5d8f4a1e9c6b3f7d8a42",
      "block_number": 52345377
    },
    {
      "tx_hash": "0x0017215e8a600ed900235ab8eb375efa",
      "time": "2026-05-11T12:12:22Z",
      "side": "buy",
      "outcome": "yes",
      "price": 0.5525,
      "size": 8406,
      "value_usd": 4644.31,
      "trader_address": "0xa92e1c5f8d3b7a2c6e9f4b1d8a5c2e7b9d4a1f65",
      "block_number": 52345340
    },
    {
      "tx_hash": "0x0014720e9231266b00042ff6c66c016b",
      "time": "2026-05-11T11:30:27Z",
      "side": "sell",
      "outcome": "yes",
      "price": 0.5358,
      "size": 11461,
      "value_usd": 6140.8,
      "trader_address": "0xd62a1f7c8e4b3d9a2c6f5b8e1d4a7c9b3f6e2a73",
      "block_number": 52345303
    },
    {
      "tx_hash": "0x0006cb9ff11cc88c001442cf1bcefae9",
      "time": "2026-05-11T12:05:57Z",
      "side": "buy",
      "outcome": "no",
      "price": 0.4471,
      "size": 11469,
      "value_usd": 5127.79,
      "trader_address": "0xb38d9c2f1a6e4b7c8d5a2f9b3e1c6d4a8f7b2e91",
      "block_number": 52345266
    },
    {
      "tx_hash": "0x001e3cedd7713131001d3023d91a7e94",
      "time": "2026-05-11T11:09:38Z",
      "side": "sell",
      "outcome": "yes",
      "price": 0.5438,
      "size": 3731,
      "value_usd": 2028.92,
      "trader_address": "0xc41b7e2a9d8f3b5c1e6a4f8b2d9c5e1a7f3b8d24",
      "block_number": 52345229
    },
    {
      "tx_hash": "0x000474ad88bc30e600040235d318d317",
      "time": "2026-05-11T11:27:35Z",
      "side": "buy",
      "outcome": "yes",
      "price": 0.54,
      "size": 8443,
      "value_usd": 4559.22,
      "trader_address": "0xa92e1c5f8d3b7a2c6e9f4b1d8a5c2e7b9d4a1f65",
      "block_number": 52345192
    },
    {
      "tx_hash": "0x000f662d0908f98f00074ebe20d48304",
      "time": "2026-05-11T10:43:37Z",
      "side": "buy",
      "outcome": "no",
      "price": 0.4404,
      "size": 1288,
      "value_usd": 567.24,
      "trader_address": "0xa14b6c8d2f9e5a3b7c1f4d8a6e2c9b5d8f1e3a86",
      "block_number": 52345155
    },
    {
      "tx_hash": "0x00088f0c95f37096001c0909d7f66f42",
      "time": "2026-05-11T11:27:04Z",
      "side": "buy",
      "outcome": "yes",
      "price": 0.5299,
      "size": 72,
      "value_usd": 38.15,
      "trader_address": "0xa14b6c8d2f9e5a3b7c1f4d8a6e2c9b5d8f1e3a86",
      "block_number": 52345118
    },
    {
      "tx_hash": "0x002122658561a864000dea2836a77e66",
      "time": "2026-05-11T10:53:03Z",
      "side": "buy",
      "outcome": "yes",
      "price": 0.5585,
      "size": 6643,
      "value_usd": 3710.12,
      "trader_address": "0x7a3f5d2c1b8e9a4f6b2d8c3e1f5a9b4c7d2e8b21",
      "block_number": 52345081
    },
    {
      "tx_hash": "0x000374d7141c7a0f001efe8d156d61db",
      "time": "2026-05-11T10:35:35Z",
      "side": "sell",
      "outcome": "yes",
      "price": 0.5471,
      "size": 1956,
      "value_usd": 1070.13,
      "trader_address": "0xb38d9c2f1a6e4b7c8d5a2f9b3e1c6d4a8f7b2e91",
      "block_number": 52345044
    },
    {
      "tx_hash": "0x001ec45e5072feba000e3f77319aecd0",
      "time": "2026-05-11T10:03:15Z",
      "side": "buy",
      "outcome": "yes",
      "price": 0.5325,
      "size": 11084,
      "value_usd": 5902.23,
      "trader_address": "0xc78d4f1b9e2a6c3f5b8d1a4e7c9b2f6d8a3e5b27",
      "block_number": 52345007
    },
    {
      "tx_hash": "0x001fffc03cfa7498001ca4b54f7a1d99",
      "time": "2026-05-11T10:19:13Z",
      "side": "sell",
      "outcome": "no",
      "price": 0.4649,
      "size": 2724,
      "value_usd": 1266.39,
      "trader_address": "0xc78d4f1b9e2a6c3f5b8d1a4e7c9b2f6d8a3e5b27",
      "block_number": 52344970
    },
    {
      "tx_hash": "0x0012cde269f0a9810021c35a2205cd0c",
      "time": "2026-05-11T10:01:04Z",
      "side": "sell",
      "outcome": "yes",
      "price": 0.5557,
      "size": 2371,
      "value_usd": 1317.56,
      "trader_address": "0xa14b6c8d2f9e5a3b7c1f4d8a6e2c9b5d8f1e3a86",
      "block_number": 52344933
    },
    {
      "tx_hash": "0x0004c38003f17840001bbda5abd7045b",
      "time": "2026-05-11T09:50:55Z",
      "side": "buy",
      "outcome": "yes",
      "price": 0.5287,
      "size": 8835,
      "value_usd": 4671.06,
      "trader_address": "0xd62a1f7c8e4b3d9a2c6f5b8e1d4a7c9b3f6e2a73",
      "block_number": 52344896
    },
    {
      "tx_hash": "0x0017d33c5761120f0005b5cef7d8cbac",
      "time": "2026-05-11T09:51:20Z",
      "side": "sell",
      "outcome": "yes",
      "price": 0.5146,
      "size": 10712,
      "value_usd": 5512.4,
      "trader_address": "0x7a3f5d2c1b8e9a4f6b2d8c3e1f5a9b4c7d2e8b21",
      "block_number": 52344859
    },
    {
      "tx_hash": "0x0007c1ae701af1f8001acf1170bc2c27",
      "time": "2026-05-11T09:28:40Z",
      "side": "sell",
      "outcome": "no",
      "price": 0.4636,
      "size": 11052,
      "value_usd": 5123.71,
      "trader_address": "0xc41b7e2a9d8f3b5c1e6a4f8b2d9c5e1a7f3b8d24",
      "block_number": 52344822
    },
    {
      "tx_hash": "0x00083e6ef8f52f85001eb99076647f5c",
      "time": "2026-05-11T09:45:56Z",
      "side": "sell",
      "outcome": "yes",
      "price": 0.5547,
      "size": 605,
      "value_usd": 335.59,
      "trader_address": "0xc78d4f1b9e2a6c3f5b8d1a4e7c9b2f6d8a3e5b27",
      "block_number": 52344785
    },
    {
      "tx_hash": "0x000d6a6e0c4b9fde0005cd1364f54920",
      "time": "2026-05-11T09:07:25Z",
      "side": "sell",
      "outcome": "no",
      "price": 0.4329,
      "size": 7058,
      "value_usd": 3055.41,
      "trader_address": "0x7a3f5d2c1b8e9a4f6b2d8c3e1f5a9b4c7d2e8b21",
      "block_number": 52344748
    },
    {
      "tx_hash": "0x00172c84d81fd45e001682b959c3228a",
      "time": "2026-05-11T09:21:12Z",
      "side": "sell",
      "outcome": "no",
      "price": 0.4335,
      "size": 3618,
      "value_usd": 1568.4,
      "trader_address": "0xd62a1f7c8e4b3d9a2c6f5b8e1d4a7c9b3f6e2a73",
      "block_number": 52344711
    },
    {
      "tx_hash": "0x000b279550dc076c000e0c6838270d01",
      "time": "2026-05-11T08:51:41Z",
      "side": "sell",
      "outcome": "no",
      "price": 0.4358,
      "size": 6842,
      "value_usd": 2981.74,
      "trader_address": "0xb38d9c2f1a6e4b7c8d5a2f9b3e1c6d4a8f7b2e91",
      "block_number": 52344674
    },
    {
      "tx_hash": "0x00085223007ded1c000caa5ff0f1ae3b",
      "time": "2026-05-11T08:24:45Z",
      "side": "sell",
      "outcome": "yes",
      "price": 0.5571,
      "size": 8595,
      "value_usd": 4788.27,
      "trader_address": "0xf17c4e9b2a8d5f1a6c3e7b4d9f2a8c1e5b7d3a18",
      "block_number": 52344637
    },
    {
      "tx_hash": "0x001337784521c1750023050e2b87a48e",
      "time": "2026-05-11T08:15:51Z",
      "side": "sell",
      "outcome": "no",
      "price": 0.4634,
      "size": 890,
      "value_usd": 412.43,
      "trader_address": "0xd62a1f7c8e4b3d9a2c6f5b8e1d4a7c9b3f6e2a73",
      "block_number": 52344600
    },
    {
      "tx_hash": "0x000a363c9d80398a00014b9b4db31227",
      "time": "2026-05-11T08:15:41Z",
      "side": "buy",
      "outcome": "yes",
      "price": 0.568,
      "size": 592,
      "value_usd": 336.26,
      "trader_address": "0xb38d9c2f1a6e4b7c8d5a2f9b3e1c6d4a8f7b2e91",
      "block_number": 52344563
    },
    {
      "tx_hash": "0x0017accd5847c9c3000d2594ace03a5b",
      "time": "2026-05-11T08:00:15Z",
      "side": "buy",
      "outcome": "no",
      "price": 0.434,
      "size": 2436,
      "value_usd": 1057.22,
      "trader_address": "0xc41b7e2a9d8f3b5c1e6a4f8b2d9c5e1a7f3b8d24",
      "block_number": 52344526
    },
    {
      "tx_hash": "0x001ca473e8341dce0010decde1fdee3a",
      "time": "2026-05-11T07:57:38Z",
      "side": "sell",
      "outcome": "yes",
      "price": 0.5198,
      "size": 3200,
      "value_usd": 1663.36,
      "trader_address": "0xc78d4f1b9e2a6c3f5b8d1a4e7c9b2f6d8a3e5b27",
      "block_number": 52344489
    },
    {
      "tx_hash": "0x0019f31dc935cbf1001eb612e543d828",
      "time": "2026-05-11T07:34:03Z",
      "side": "buy",
      "outcome": "no",
      "price": 0.4383,
      "size": 3987,
      "value_usd": 1747.5,
      "trader_address": "0xc78d4f1b9e2a6c3f5b8d1a4e7c9b2f6d8a3e5b27",
      "block_number": 52344452
    },
    {
      "tx_hash": "0x00100880b3745bf60006e0cc53be58fb",
      "time": "2026-05-11T07:20:05Z",
      "side": "sell",
      "outcome": "no",
      "price": 0.4365,
      "size": 3001,
      "value_usd": 1309.94,
      "trader_address": "0xa92e1c5f8d3b7a2c6e9f4b1d8a5c2e7b9d4a1f65",
      "block_number": 52344415
    },
    {
      "tx_hash": "0x0007befabb00950500126146a53aa7e3",
      "time": "2026-05-11T07:40:22Z",
      "side": "sell",
      "outcome": "no",
      "price": 0.4423,
      "size": 5352,
      "value_usd": 2367.19,
      "trader_address": "0xe25a8d3c9f1b6e4a7b2c5d8f4a1e9c6b3f7d8a42",
      "block_number": 52344378
    },
    {
      "tx_hash": "0x001060fa74205e82000d096272b5d313",
      "time": "2026-05-11T07:21:57Z",
      "side": "sell",
      "outcome": "no",
      "price": 0.4549,
      "size": 8129,
      "value_usd": 3697.88,
      "trader_address": "0xa92e1c5f8d3b7a2c6e9f4b1d8a5c2e7b9d4a1f65",
      "block_number": 52344341
    },
    {
      "tx_hash": "0x001e7a133d3c65c40013d9c0237796db",
      "time": "2026-05-11T07:41:08Z",
      "side": "buy",
      "outcome": "no",
      "price": 0.4834,
      "size": 5633,
      "value_usd": 2722.99,
      "trader_address": "0xf17c4e9b2a8d5f1a6c3e7b4d9f2a8c1e5b7d3a18",
      "block_number": 52344304
    },
    {
      "tx_hash": "0x0014b66e233199ad000a685147cb7c53",
      "time": "2026-05-11T06:43:12Z",
      "side": "buy",
      "outcome": "no",
      "price": 0.4372,
      "size": 11666,
      "value_usd": 5100.38,
      "trader_address": "0xc41b7e2a9d8f3b5c1e6a4f8b2d9c5e1a7f3b8d24",
      "block_number": 52344267
    },
    {
      "tx_hash": "0x001dde4336f53164001b1359d30a2524",
      "time": "2026-05-11T06:50:44Z",
      "side": "buy",
      "outcome": "yes",
      "price": 0.5566,
      "size": 9389,
      "value_usd": 5225.92,
      "trader_address": "0xc41b7e2a9d8f3b5c1e6a4f8b2d9c5e1a7f3b8d24",
      "block_number": 52344230
    }
  ],
  "12351": [
    {
      "tx_hash": "0x00065076a96b1bf5001b2207695ef835",
      "time": "2026-05-11T13:16:39Z",
      "side": "buy",
      "outcome": "no",
      "price": 0.8265,
      "size": 7111,
      "value_usd": 5877.24,
      "trader_address": "0x7a3f5d2c1b8e9a4f6b2d8c3e1f5a9b4c7d2e8b21",
      "block_number": 52345672
    },
    {
      "tx_hash": "0x000dd41cf67e9db700217d421079f548",
      "time": "2026-05-11T13:00:13Z",
      "side": "sell",
      "outcome": "no",
      "price": 0.7924,
      "size": 2586,
      "value_usd": 2049.15,
      "trader_address": "0xa92e1c5f8d3b7a2c6e9f4b1d8a5c2e7b9d4a1f65",
      "block_number": 52345635
    },
    {
      "tx_hash": "0x0022e61637d6f540001d5fc43ec6932b",
      "time": "2026-05-11T13:14:03Z",
      "side": "sell",
      "outcome": "yes",
      "price": 0.214,
      "size": 11292,
      "value_usd": 2416.49,
      "trader_address": "0xc41b7e2a9d8f3b5c1e6a4f8b2d9c5e1a7f3b8d24",
      "block_number": 52345598
    },
    {
      "tx_hash": "0x0015f5c5bd72d4a0001ea48095f387a4",
      "time": "2026-05-11T12:37:46Z",
      "side": "buy",
      "outcome": "yes",
      "price": 0.167,
      "size": 4140,
      "value_usd": 691.38,
      "trader_address": "0xc41b7e2a9d8f3b5c1e6a4f8b2d9c5e1a7f3b8d24",
      "block_number": 52345561
    },
    {
      "tx_hash": "0x00196de1e0342ade0004c7082d9f89dc",
      "time": "2026-05-11T12:25:53Z",
      "side": "buy",
      "outcome": "yes",
      "price": 0.2045,
      "size": 6145,
      "value_usd": 1256.65,
      "trader_address": "0xb91e3a7c5f8b4d2a6e1c9f3b7d4a8c2e6b5f1a38",
      "block_number": 52345524
    },
    {
      "tx_hash": "0x0013213c47096d92001a1d703ef58693",
      "time": "2026-05-11T12:39:28Z",
      "side": "sell",
      "outcome": "yes",
      "price": 0.2004,
      "size": 11965,
      "value_usd": 2397.79,
      "trader_address": "0xa14b6c8d2f9e5a3b7c1f4d8a6e2c9b5d8f1e3a86",
      "block_number": 52345487
    },
    {
      "tx_hash": "0x0018fa97c2d8ba0300099c230a372551",
      "time": "2026-05-11T12:44:47Z",
      "side": "sell",
      "outcome": "yes",
      "price": 0.1698,
      "size": 11597,
      "value_usd": 1969.17,
      "trader_address": "0xb91e3a7c5f8b4d2a6e1c9f3b7d4a8c2e6b5f1a38",
      "block_number": 52345450
    },
    {
      "tx_hash": "0x0008d7606b05f0ff000e1d6478391a98",
      "time": "2026-05-11T12:04:03Z",
      "side": "buy",
      "outcome": "yes",
      "price": 0.1778,
      "size": 1039,
      "value_usd": 184.73,
      "trader_address": "0xc78d4f1b9e2a6c3f5b8d1a4e7c9b2f6d8a3e5b27",
      "block_number": 52345413
    },
    {
      "tx_hash": "0x000a8971608038c300000031a523a8ef",
      "time": "2026-05-11T12:29:49Z",
      "side": "sell",
      "outcome": "no",
      "price": 0.7963,
      "size": 11162,
      "value_usd": 8888.3,
      "trader_address": "0xa92e1c5f8d3b7a2c6e9f4b1d8a5c2e7b9d4a1f65",
      "block_number": 52345376
    },
    {
      "tx_hash": "0x0008b52d15bc42d300031ea83eead0e1",
      "time": "2026-05-11T12:24:36Z",
      "side": "buy",
      "outcome": "yes",
      "price": 0.215,
      "size": 6540,
      "value_usd": 1406.1,
      "trader_address": "0xb38d9c2f1a6e4b7c8d5a2f9b3e1c6d4a8f7b2e91",
      "block_number": 52345339
    },
    {
      "tx_hash": "0x00140d192a1de03b002280a7973a0b96",
      "time": "2026-05-11T11:30:35Z",
      "side": "sell",
      "outcome": "no",
      "price": 0.7861,
      "size": 3969,
      "value_usd": 3120.03,
      "trader_address": "0xb38d9c2f1a6e4b7c8d5a2f9b3e1c6d4a8f7b2e91",
      "block_number": 52345302
    },
    {
      "tx_hash": "0x001b071f50d9f68400012fdad304b9b5",
      "time": "2026-05-11T11:16:57Z",
      "side": "buy",
      "outcome": "yes",
      "price": 0.1756,
      "size": 2982,
      "value_usd": 523.64,
      "trader_address": "0xb38d9c2f1a6e4b7c8d5a2f9b3e1c6d4a8f7b2e91",
      "block_number": 52345265
    },
    {
      "tx_hash": "0x000e7f87e1d068e70003e435ba0a59c1",
      "time": "2026-05-11T11:30:23Z",
      "side": "buy",
      "outcome": "no",
      "price": 0.8124,
      "size": 6206,
      "value_usd": 5041.75,
      "trader_address": "0xc78d4f1b9e2a6c3f5b8d1a4e7c9b2f6d8a3e5b27",
      "block_number": 52345228
    },
    {
      "tx_hash": "0x0011256bc37837d9000e25f9d29ce335",
      "time": "2026-05-11T11:28:31Z",
      "side": "buy",
      "outcome": "no",
      "price": 0.8231,
      "size": 6927,
      "value_usd": 5701.61,
      "trader_address": "0xa92e1c5f8d3b7a2c6e9f4b1d8a5c2e7b9d4a1f65",
      "block_number": 52345191
    },
    {
      "tx_hash": "0x000478b87930bd12001ea454b712ee56",
      "time": "2026-05-11T11:06:21Z",
      "side": "sell",
      "outcome": "yes",
      "price": 0.2125,
      "size": 9331,
      "value_usd": 1982.84,
      "trader_address": "0x7a3f5d2c1b8e9a4f6b2d8c3e1f5a9b4c7d2e8b21",
      "block_number": 52345154
    },
    {
      "tx_hash": "0x0002c6d492a70386001ce3be6ab091e3",
      "time": "2026-05-11T10:53:37Z",
      "side": "sell",
      "outcome": "yes",
      "price": 0.2067,
      "size": 7288,
      "value_usd": 1506.43,
      "trader_address": "0xb91e3a7c5f8b4d2a6e1c9f3b7d4a8c2e6b5f1a38",
      "block_number": 52345117
    },
    {
      "tx_hash": "0x00028a807380db5b000150d6141a30ed",
      "time": "2026-05-11T10:38:45Z",
      "side": "buy",
      "outcome": "no",
      "price": 0.8158,
      "size": 9903,
      "value_usd": 8078.87,
      "trader_address": "0xf17c4e9b2a8d5f1a6c3e7b4d9f2a8c1e5b7d3a18",
      "block_number": 52345080
    },
    {
      "tx_hash": "0x0004f5024138ddf900022f9ef348e3fc",
      "time": "2026-05-11T10:26:46Z",
      "side": "buy",
      "outcome": "no",
      "price": 0.8386,
      "size": 5272,
      "value_usd": 4421.1,
      "trader_address": "0xb91e3a7c5f8b4d2a6e1c9f3b7d4a8c2e6b5f1a38",
      "block_number": 52345043
    },
    {
      "tx_hash": "0x0002426d4f362b69001cdf85625e29a4",
      "time": "2026-05-11T10:37:00Z",
      "side": "sell",
      "outcome": "yes",
      "price": 0.1672,
      "size": 6412,
      "value_usd": 1072.09,
      "trader_address": "0xf17c4e9b2a8d5f1a6c3e7b4d9f2a8c1e5b7d3a18",
      "block_number": 52345006
    },
    {
      "tx_hash": "0x000e13d0ee4626d700217d30e828142c",
      "time": "2026-05-11T10:02:25Z",
      "side": "sell",
      "outcome": "yes",
      "price": 0.1687,
      "size": 2645,
      "value_usd": 446.21,
      "trader_address": "0xf17c4e9b2a8d5f1a6c3e7b4d9f2a8c1e5b7d3a18",
      "block_number": 52344969
    },
    {
      "tx_hash": "0x001f510bb99531a3000c678b6fd8f690",
      "time": "2026-05-11T09:51:02Z",
      "side": "sell",
      "outcome": "no",
      "price": 0.7972,
      "size": 9895,
      "value_usd": 7888.29,
      "trader_address": "0xc41b7e2a9d8f3b5c1e6a4f8b2d9c5e1a7f3b8d24",
      "block_number": 52344932
    },
    {
      "tx_hash": "0x001f3b737cf43d14001239d9707702c7",
      "time": "2026-05-11T10:29:07Z",
      "side": "buy",
      "outcome": "no",
      "price": 0.8061,
      "size": 785,
      "value_usd": 632.79,
      "trader_address": "0xd62a1f7c8e4b3d9a2c6f5b8e1d4a7c9b3f6e2a73",
      "block_number": 52344895
    },
    {
      "tx_hash": "0x00088a86d0a6215a000777fb1b74f343",
      "time": "2026-05-11T10:19:22Z",
      "side": "sell",
      "outcome": "no",
      "price": 0.8292,
      "size": 9843,
      "value_usd": 8161.82,
      "trader_address": "0xe25a8d3c9f1b6e4a7b2c5d8f4a1e9c6b3f7d8a42",
      "block_number": 52344858
    },
    {
      "tx_hash": "0x0002827e6c7ffbdc000bd8c2e07b3c6f",
      "time": "2026-05-11T09:18:37Z",
      "side": "sell",
      "outcome": "no",
      "price": 0.7849,
      "size": 1027,
      "value_usd": 806.09,
      "trader_address": "0xc78d4f1b9e2a6c3f5b8d1a4e7c9b2f6d8a3e5b27",
      "block_number": 52344821
    },
    {
      "tx_hash": "0x001bb4dd46d1ab4a000c57f7ee593f9a",
      "time": "2026-05-11T09:51:08Z",
      "side": "sell",
      "outcome": "no",
      "price": 0.8014,
      "size": 6112,
      "value_usd": 4898.16,
      "trader_address": "0x7a3f5d2c1b8e9a4f6b2d8c3e1f5a9b4c7d2e8b21",
      "block_number": 52344784
    },
    {
      "tx_hash": "0x00133c7146960f32000576026a5a1459",
      "time": "2026-05-11T09:47:11Z",
      "side": "buy",
      "outcome": "no",
      "price": 0.7835,
      "size": 10108,
      "value_usd": 7919.62,
      "trader_address": "0xc41b7e2a9d8f3b5c1e6a4f8b2d9c5e1a7f3b8d24",
      "block_number": 52344747
    },
    {
      "tx_hash": "0x001f2447c4a501f5001a38a42981fdf4",
      "time": "2026-05-11T09:25:38Z",
      "side": "sell",
      "outcome": "yes",
      "price": 0.2109,
      "size": 5655,
      "value_usd": 1192.64,
      "trader_address": "0xb91e3a7c5f8b4d2a6e1c9f3b7d4a8c2e6b5f1a38",
      "block_number": 52344710
    },
    {
      "tx_hash": "0x0014dbd9ac259e7400075814dad0c944",
      "time": "2026-05-11T09:08:58Z",
      "side": "sell",
      "outcome": "no",
      "price": 0.7943,
      "size": 2382,
      "value_usd": 1892.02,
      "trader_address": "0xc41b7e2a9d8f3b5c1e6a4f8b2d9c5e1a7f3b8d24",
      "block_number": 52344673
    },
    {
      "tx_hash": "0x0016211c72fcc0cc000b4f80606f471d",
      "time": "2026-05-11T08:44:28Z",
      "side": "sell",
      "outcome": "yes",
      "price": 0.1696,
      "size": 973,
      "value_usd": 165.02,
      "trader_address": "0x7a3f5d2c1b8e9a4f6b2d8c3e1f5a9b4c7d2e8b21",
      "block_number": 52344636
    },
    {
      "tx_hash": "0x001b5cd7939393590008de2916959c79",
      "time": "2026-05-11T08:13:28Z",
      "side": "sell",
      "outcome": "yes",
      "price": 0.2057,
      "size": 9041,
      "value_usd": 1859.73,
      "trader_address": "0xd62a1f7c8e4b3d9a2c6f5b8e1d4a7c9b3f6e2a73",
      "block_number": 52344599
    },
    {
      "tx_hash": "0x0006c7b1b41cf7490009974f58d7aace",
      "time": "2026-05-11T08:55:02Z",
      "side": "buy",
      "outcome": "no",
      "price": 0.8282,
      "size": 996,
      "value_usd": 824.89,
      "trader_address": "0xa14b6c8d2f9e5a3b7c1f4d8a6e2c9b5d8f1e3a86",
      "block_number": 52344562
    },
    {
      "tx_hash": "0x001c6e15939ad65f001901816c6df0fc",
      "time": "2026-05-11T08:10:48Z",
      "side": "sell",
      "outcome": "yes",
      "price": 0.1608,
      "size": 5663,
      "value_usd": 910.61,
      "trader_address": "0xa92e1c5f8d3b7a2c6e9f4b1d8a5c2e7b9d4a1f65",
      "block_number": 52344525
    },
    {
      "tx_hash": "0x000f696db5cc760d00206ecce6d5cc10",
      "time": "2026-05-11T08:28:09Z",
      "side": "buy",
      "outcome": "no",
      "price": 0.7866,
      "size": 10566,
      "value_usd": 8311.22,
      "trader_address": "0xc78d4f1b9e2a6c3f5b8d1a4e7c9b2f6d8a3e5b27",
      "block_number": 52344488
    },
    {
      "tx_hash": "0x00061b8a6f1d2186001d366cfd4ec314",
      "time": "2026-05-11T07:52:10Z",
      "side": "sell",
      "outcome": "no",
      "price": 0.8106,
      "size": 7708,
      "value_usd": 6248.1,
      "trader_address": "0xc41b7e2a9d8f3b5c1e6a4f8b2d9c5e1a7f3b8d24",
      "block_number": 52344451
    },
    {
      "tx_hash": "0x0001b41e4ddecc1f0012165058bed97c",
      "time": "2026-05-11T07:50:58Z",
      "side": "sell",
      "outcome": "no",
      "price": 0.8089,
      "size": 2952,
      "value_usd": 2387.87,
      "trader_address": "0xc41b7e2a9d8f3b5c1e6a4f8b2d9c5e1a7f3b8d24",
      "block_number": 52344414
    },
    {
      "tx_hash": "0x00175901a271068100195aede708f9ab",
      "time": "2026-05-11T07:50:54Z",
      "side": "sell",
      "outcome": "yes",
      "price": 0.1694,
      "size": 9680,
      "value_usd": 1639.79,
      "trader_address": "0xe25a8d3c9f1b6e4a7b2c5d8f4a1e9c6b3f7d8a42",
      "block_number": 52344377
    },
    {
      "tx_hash": "0x00127de87fb3e761001f3d6112a0dd90",
      "time": "2026-05-11T07:42:53Z",
      "side": "sell",
      "outcome": "yes",
      "price": 0.182,
      "size": 10266,
      "value_usd": 1868.41,
      "trader_address": "0xc78d4f1b9e2a6c3f5b8d1a4e7c9b2f6d8a3e5b27",
      "block_number": 52344340
    },
    {
      "tx_hash": "0x00217b506c9ad22800087b897b42524c",
      "time": "2026-05-11T06:51:27Z",
      "side": "buy",
      "outcome": "yes",
      "price": 0.1738,
      "size": 9641,
      "value_usd": 1675.61,
      "trader_address": "0xf17c4e9b2a8d5f1a6c3e7b4d9f2a8c1e5b7d3a18",
      "block_number": 52344303
    },
    {
      "tx_hash": "0x001fbe149db9ba22000b736120426749",
      "time": "2026-05-11T07:20:05Z",
      "side": "sell",
      "outcome": "yes",
      "price": 0.1807,
      "size": 8247,
      "value_usd": 1490.23,
      "trader_address": "0xa14b6c8d2f9e5a3b7c1f4d8a6e2c9b5d8f1e3a86",
      "block_number": 52344266
    },
    {
      "tx_hash": "0x0007f07011c8b49000226612e04579a2",
      "time": "2026-05-11T06:49:25Z",
      "side": "buy",
      "outcome": "yes",
      "price": 0.2034,
      "size": 6361,
      "value_usd": 1293.83,
      "trader_address": "0xc41b7e2a9d8f3b5c1e6a4f8b2d9c5e1a7f3b8d24",
      "block_number": 52344229
    }
  ],
  "12352": [
    {
      "tx_hash": "0x0011e3d11432b88000123f67393af3a4",
      "time": "2026-05-11T13:04:17Z",
      "side": "sell",
      "outcome": "no",
      "price": 0.3061,
      "size": 197,
      "value_usd": 60.3,
      "trader_address": "0xc78d4f1b9e2a6c3f5b8d1a4e7c9b2f6d8a3e5b27",
      "block_number": 52345671
    },
    {
      "tx_hash": "0x0005ddcd3bc4646a001a65f26b7550cc",
      "time": "2026-05-11T13:22:38Z",
      "side": "sell",
      "outcome": "no",
      "price": 0.2888,
      "size": 5867,
      "value_usd": 1694.39,
      "trader_address": "0xe25a8d3c9f1b6e4a7b2c5d8f4a1e9c6b3f7d8a42",
      "block_number": 52345634
    },
    {
      "tx_hash": "0x00049403db927bcb000c16d845e0e9c0",
      "time": "2026-05-11T12:50:50Z",
      "side": "sell",
      "outcome": "yes",
      "price": 0.6996,
      "size": 431,
      "value_usd": 301.53,
      "trader_address": "0x7a3f5d2c1b8e9a4f6b2d8c3e1f5a9b4c7d2e8b21",
      "block_number": 52345597
    },
    {
      "tx_hash": "0x0022202855d8b036000f6f4c80d61682",
      "time": "2026-05-11T13:05:33Z",
      "side": "buy",
      "outcome": "yes",
      "price": 0.7249,
      "size": 10743,
      "value_usd": 7787.6,
      "trader_address": "0xe25a8d3c9f1b6e4a7b2c5d8f4a1e9c6b3f7d8a42",
      "block_number": 52345560
    },
    {
      "tx_hash": "0x001d1c59283cdacf00029b6e4bf7d4ca",
      "time": "2026-05-11T12:20:01Z",
      "side": "sell",
      "outcome": "yes",
      "price": 0.717,
      "size": 2408,
      "value_usd": 1726.54,
      "trader_address": "0xc78d4f1b9e2a6c3f5b8d1a4e7c9b2f6d8a3e5b27",
      "block_number": 52345523
    },
    {
      "tx_hash": "0x002281d48bb569bc00223f05bc0eafa4",
      "time": "2026-05-11T12:24:57Z",
      "side": "buy",
      "outcome": "yes",
      "price": 0.7137,
      "size": 9804,
      "value_usd": 6997.11,
      "trader_address": "0xa14b6c8d2f9e5a3b7c1f4d8a6e2c9b5d8f1e3a86",
      "block_number": 52345486
    },
    {
      "tx_hash": "0x0012d9bacbf1d07300136396312e7c8b",
      "time": "2026-05-11T12:21:15Z",
      "side": "buy",
      "outcome": "no",
      "price": 0.2845,
      "size": 4255,
      "value_usd": 1210.55,
      "trader_address": "0xa14b6c8d2f9e5a3b7c1f4d8a6e2c9b5d8f1e3a86",
      "block_number": 52345449
    },
    {
      "tx_hash": "0x0013dbecbee707d500030772f33c3da3",
      "time": "2026-05-11T12:30:26Z",
      "side": "sell",
      "outcome": "yes",
      "price": 0.7007,
      "size": 3431,
      "value_usd": 2404.1,
      "trader_address": "0xb38d9c2f1a6e4b7c8d5a2f9b3e1c6d4a8f7b2e91",
      "block_number": 52345412
    },
    {
      "tx_hash": "0x0005a791ddc953d70000a381fd50c5c4",
      "time": "2026-05-11T12:31:13Z",
      "side": "sell",
      "outcome": "no",
      "price": 0.2854,
      "size": 608,
      "value_usd": 173.52,
      "trader_address": "0xb91e3a7c5f8b4d2a6e1c9f3b7d4a8c2e6b5f1a38",
      "block_number": 52345375
    },
    {
      "tx_hash": "0x001392f74cf3eda8000847e945f6c1eb",
      "time": "2026-05-11T12:11:46Z",
      "side": "buy",
      "outcome": "yes",
      "price": 0.7353,
      "size": 9563,
      "value_usd": 7031.67,
      "trader_address": "0xc41b7e2a9d8f3b5c1e6a4f8b2d9c5e1a7f3b8d24",
      "block_number": 52345338
    },
    {
      "tx_hash": "0x001677a2c7e6fb4400197f9124c1132d",
      "time": "2026-05-11T11:21:04Z",
      "side": "buy",
      "outcome": "no",
      "price": 0.3029,
      "size": 3651,
      "value_usd": 1105.89,
      "trader_address": "0xb38d9c2f1a6e4b7c8d5a2f9b3e1c6d4a8f7b2e91",
      "block_number": 52345301
    },
    {
      "tx_hash": "0x000d40b22129c80f000e0cea0ba67571",
      "time": "2026-05-11T11:13:28Z",
      "side": "buy",
      "outcome": "yes",
      "price": 0.7103,
      "size": 8513,
      "value_usd": 6046.78,
      "trader_address": "0x7a3f5d2c1b8e9a4f6b2d8c3e1f5a9b4c7d2e8b21",
      "block_number": 52345264
    },
    {
      "tx_hash": "0x00049b578e62b554001d1536e6f031ec",
      "time": "2026-05-11T11:16:02Z",
      "side": "buy",
      "outcome": "yes",
      "price": 0.7271,
      "size": 4720,
      "value_usd": 3431.91,
      "trader_address": "0xc78d4f1b9e2a6c3f5b8d1a4e7c9b2f6d8a3e5b27",
      "block_number": 52345227
    },
    {
      "tx_hash": "0x001bb99037a61fd4002200b91125324c",
      "time": "2026-05-11T11:40:03Z",
      "side": "sell",
      "outcome": "yes",
      "price": 0.7276,
      "size": 5854,
      "value_usd": 4259.37,
      "trader_address": "0xb38d9c2f1a6e4b7c8d5a2f9b3e1c6d4a8f7b2e91",
      "block_number": 52345190
    },
    {
      "tx_hash": "0x0003c0af42fa38a7002149b254eb22aa",
      "time": "2026-05-11T11:00:17Z",
      "side": "buy",
      "outcome": "yes",
      "price": 0.6946,
      "size": 10075,
      "value_usd": 6998.1,
      "trader_address": "0xf17c4e9b2a8d5f1a6c3e7b4d9f2a8c1e5b7d3a18",
      "block_number": 52345153
    },
    {
      "tx_hash": "0x0021f098f3db52b8001826348425adbe",
      "time": "2026-05-11T11:21:47Z",
      "side": "buy",
      "outcome": "no",
      "price": 0.2831,
      "size": 5213,
      "value_usd": 1475.8,
      "trader_address": "0x7a3f5d2c1b8e9a4f6b2d8c3e1f5a9b4c7d2e8b21",
      "block_number": 52345116
    },
    {
      "tx_hash": "0x0004f1e57a30da0c0014c6340cad132f",
      "time": "2026-05-11T10:24:20Z",
      "side": "sell",
      "outcome": "yes",
      "price": 0.7103,
      "size": 10659,
      "value_usd": 7571.09,
      "trader_address": "0xb38d9c2f1a6e4b7c8d5a2f9b3e1c6d4a8f7b2e91",
      "block_number": 52345079
    },
    {
      "tx_hash": "0x001dd521b7d988b4000de665a28c380c",
      "time": "2026-05-11T10:13:49Z",
      "side": "buy",
      "outcome": "yes",
      "price": 0.7168,
      "size": 8269,
      "value_usd": 5927.22,
      "trader_address": "0xb91e3a7c5f8b4d2a6e1c9f3b7d4a8c2e6b5f1a38",
      "block_number": 52345042
    },
    {
      "tx_hash": "0x00219e1b0be24f1800189eeafc1d96c6",
      "time": "2026-05-11T10:19:55Z",
      "side": "sell",
      "outcome": "yes",
      "price": 0.689,
      "size": 7814,
      "value_usd": 5383.85,
      "trader_address": "0xc41b7e2a9d8f3b5c1e6a4f8b2d9c5e1a7f3b8d24",
      "block_number": 52345005
    },
    {
      "tx_hash": "0x000d63f8943961ba00187bf31905b4ce",
      "time": "2026-05-11T10:08:25Z",
      "side": "sell",
      "outcome": "no",
      "price": 0.299,
      "size": 3263,
      "value_usd": 975.64,
      "trader_address": "0xd62a1f7c8e4b3d9a2c6f5b8e1d4a7c9b3f6e2a73",
      "block_number": 52344968
    },
    {
      "tx_hash": "0x001a4278492cf782001e9a26e322ff06",
      "time": "2026-05-11T10:12:37Z",
      "side": "sell",
      "outcome": "yes",
      "price": 0.6953,
      "size": 11948,
      "value_usd": 8307.44,
      "trader_address": "0xe25a8d3c9f1b6e4a7b2c5d8f4a1e9c6b3f7d8a42",
      "block_number": 52344931
    },
    {
      "tx_hash": "0x0007574ce4ee0e6a002285010f763594",
      "time": "2026-05-11T10:25:07Z",
      "side": "sell",
      "outcome": "yes",
      "price": 0.732,
      "size": 9231,
      "value_usd": 6757.09,
      "trader_address": "0xf17c4e9b2a8d5f1a6c3e7b4d9f2a8c1e5b7d3a18",
      "block_number": 52344894
    },
    {
      "tx_hash": "0x00021fff3a499f080015efc7b887120d",
      "time": "2026-05-11T09:23:40Z",
      "side": "sell",
      "outcome": "yes",
      "price": 0.7187,
      "size": 8126,
      "value_usd": 5840.16,
      "trader_address": "0xc41b7e2a9d8f3b5c1e6a4f8b2d9c5e1a7f3b8d24",
      "block_number": 52344857
    },
    {
      "tx_hash": "0x000a00643c5c566600195f02e6ca99a5",
      "time": "2026-05-11T09:30:04Z",
      "side": "buy",
      "outcome": "yes",
      "price": 0.6987,
      "size": 6523,
      "value_usd": 4557.62,
      "trader_address": "0xb38d9c2f1a6e4b7c8d5a2f9b3e1c6d4a8f7b2e91",
      "block_number": 52344820
    },
    {
      "tx_hash": "0x000ed1b5b5ef5be800171ef8f4d46e85",
      "time": "2026-05-11T09:22:53Z",
      "side": "buy",
      "outcome": "no",
      "price": 0.2627,
      "size": 596,
      "value_usd": 156.57,
      "trader_address": "0xa92e1c5f8d3b7a2c6e9f4b1d8a5c2e7b9d4a1f65",
      "block_number": 52344783
    },
    {
      "tx_hash": "0x0008e02d6d9954f9002188748fc19e12",
      "time": "2026-05-11T09:01:28Z",
      "side": "sell",
      "outcome": "yes",
      "price": 0.7046,
      "size": 2670,
      "value_usd": 1881.28,
      "trader_address": "0xc78d4f1b9e2a6c3f5b8d1a4e7c9b2f6d8a3e5b27",
      "block_number": 52344746
    },
    {
      "tx_hash": "0x001a3c02da8a91c30000c07dc15966ac",
      "time": "2026-05-11T08:50:05Z",
      "side": "buy",
      "outcome": "no",
      "price": 0.3195,
      "size": 2846,
      "value_usd": 909.3,
      "trader_address": "0xf17c4e9b2a8d5f1a6c3e7b4d9f2a8c1e5b7d3a18",
      "block_number": 52344709
    },
    {
      "tx_hash": "0x000633a7caf7f30f000c7f02ba592bbd",
      "time": "2026-05-11T09:00:40Z",
      "side": "buy",
      "outcome": "no",
      "price": 0.2944,
      "size": 7748,
      "value_usd": 2281.01,
      "trader_address": "0xc41b7e2a9d8f3b5c1e6a4f8b2d9c5e1a7f3b8d24",
      "block_number": 52344672
    },
    {
      "tx_hash": "0x0006cc9c53ca54a5001a89856dfaead5",
      "time": "2026-05-11T08:28:21Z",
      "side": "buy",
      "outcome": "no",
      "price": 0.2865,
      "size": 8544,
      "value_usd": 2447.86,
      "trader_address": "0xa14b6c8d2f9e5a3b7c1f4d8a6e2c9b5d8f1e3a86",
      "block_number": 52344635
    },
    {
      "tx_hash": "0x000b0d7e872c2c03001b3ffd42f8731f",
      "time": "2026-05-11T09:02:35Z",
      "side": "buy",
